2752 4350
189 227 212 294 6
374 247 401 294 1.
440 228 476 296 T
469 229 512 294 he
540 227 705 296 Creatrbn
729 226 804 291 and
823 225 880 291 the
902 225 1027 292 Flood.
1098 241 1242 316 [Meron.

190 447 257 492 nec
272 426 481 492 circumfuso
496 425 669 512 pendebat
686 423 721 489 in
739 428 819 489 aere
834 421 956 490 Tellus

190 534 400 620 ponderibus
416 533 539 597 librata
556 533 640 608 suis,
658 553 723 596 nec
739 531 882 596 brachia
899 531 1006 620 longo

191 629 349 728 margine
364 651 531 704 terrarum
550 648 749 724 porrexerat
764 636 994 723 Amphitrite;

191 768 327 834 quaque
344 746 405 812 suit
420 747 534 822 tellus,
552 746 673 811 illicet
692 755 816 831 pontus
834 755 866 808 et
883 750 954 808 aer.

236 853 297 919 Sic
312 865 384 918 erat
400 851 567 918 instabilis
583 854 695 928 tellus,
711 850 873 916 innabilis
888 851 995 928 unda,

190 960 277 1026 lucis
294 981 402 1047 egens
418 965 498 1025 aer:
523 959 609 1025 nulli
626 980 689 1025 sua
705 958 815 1024 forma
831 959 1006 1036 manebat,

190 1068 415 1154 obstabatque
432 1067 508 1132 aliis
525 1066 632 1142 aliud,
650 1064 730 1153 quia
747 1085 890 1149 corpore
906 1064 942 1129 in
958 1085 1028 1131 uno

190 1174 316 1261 frigida
332 1174 536 1261 pugnabant
552 1172 686 1248 calidis,
705 1171 882 1236 humentia
898 1169 1011 1248 siccis,

190 1281 307 1345 mollia
324 1301 403 1346 cum
420 1279 526 1356 duris,
546 1279 619 1346 sine
636 1279 788 1364 pondere
806 1277 968 1343 habentia
984 1278 1132 1364 pondus.
1210 1309 1245 1350 20
1364 1277 1365 1298 ,

236 1387 340 1452 Hanc
355 1387 440 1452 deus
456 1397 490 1452 et
505 1386 625 1452 melior
641 1385 735 1451 litem
752 1394 874 1448 natura
890 1383 1038 1449 diremit.

190 1515 270 1558 nam
288 1495 385 1559 caelo
400 1504 508 1558 terras
525 1503 558 1558 et
572 1492 671 1557 terris
687 1491 832 1557 abscidit
847 1491 972 1566 undas,
1107 1575 1110 1580 Ι

190 1613 223 1666 et
239 1601 405 1688 liquidum
422 1599 533 1685 spisso
549 1597 694 1665 secrevit
710 1599 754 1663 ab
771 1602 851 1662 aere
868 1597 1015 1663 caelum.

189 1727 278 1794 quae
295 1718 476 1793 postquam
495 1705 619 1771 evolvit
635 1725 808 1792 caecoque
824 1703 953 1769 exemit
968 1725 1105 1782 acerve,

189 1813 372 1880 dissociata
387 1811 472 1878 locis
490 1811 651 1878 concordi
667 1831 754 1897 pace
771 1810 903 1898 ligavit.
1209 1841 1242 1900 25

235 1919 345 2007 Ignea
361 1919 507 1985 convexi
523 1919 574 1984 vis
591 1928 624 1984 et
640 1917 714 1984 sine
731 1918 883 2003 pondere
899 1915 987 1984 caeli

189 2027 340 2102 emicuit,
358 2047 561 2114 summaque
576 2026 691 2091 locum
708 2024 773 2092 sibi
789 2024 870 2092 fecit
884 2024 920 2090 in
937 2045 1030 2093 arce.

174 2134 366 2219 ¹proximus
382 2143 433 2200 est
450 2138 509 2199 a'e‘r
524 2133 574 2198 illi
590 2133 728 2200 levitate
744 2133 910 2220 locoque3

188 2241 327 2308 densior
343 2241 396 2308 his
411 2241 525 2316 tellus,
545 2241 782 2328 elementaque
799 2235 946 2328 grandia
962 2237 1065 2305 traxit
1364 2263 1365 2328 q

188 2359 222 2413 et
237 2370 355 2434 pressa
372 2359 423 2414 est
438 2347 607 2437 gravitate
623 2368 707 2422 sua3
733 2345 953 2412 circumfluus
970 2347 1093 2412 humor
1206 2251 1270 2435 30&
1364 2335 1365 2360 ¹

187 2457 307 2522 ultima
324 2456 486 2542 possedit,
505 2455 720 2541 solidumque
737 2453 887 2519 coircuit
901 2453 1032 2518 orbem.

233 2562 294 2628 Sic
311 2562 368 2628 ubi
384 2561 598 2649 dispositam,
616 2560 770 2648 quisquis
787 2559 849 2626 fuit
864 2559 922 2624 ille
938 2559 1093 2636 deorum,
1160 2547 1163 2552 ¹

188 2670 387 2756 congeriem
403 2669 525 2744 secuit,
542 2679 740 2754 sectamque
755 2667 792 2731 in
809 2667 964 2732 membra
979 2665 1124 2754 redegit,

187 2775 356 2861 principio
371 2787 510 2853 terram,
525 2794 569 2839 ne
581 2794 649 2838 non
661 2774 815 2861 aequalis
831 2773 875 2838 ab
891 2773 984 2839 omni

187 2895 282 2968 parte
298 2882 398 2958 soret,
416 2885 535 2969 magni
551 2881 703 2967 speciem
719 2879 925 2968 glomeravit
940 2879 974 2944 in
990 2878 1096 2945 orbis.

186 3000 257 3054 tum
275 2989 360 3055 freta
377 2989 523 3064 diffudit,
542 2988 740 3074 rapidisque
756 2997 947 3052 tumescere
963 2985 1074 3052 ventis

183 3095 294 3184 jussit,
313 3107 347 3160 et
363 3095 511 3160 ambitae
527 3094 742 3160 circumdare
758 3094 857 3159 litora
872 3092 994 3158 terrae.

187 3202 318 3266 addidit
333 3213 366 3266 et
382 3201 490 3266 fontes
507 3211 541 3266 et
556 3212 680 3288 stagna
697 3199 865 3266 immensa
881 3199 1060 3286 lacusque,

185 3307 396 3394 fluminaque
412 3307 558 3395 obliquis
574 3307 681 3372 cinxit
695 3305 842 3372 declivia
858 3306 954 3392 ripis,

185 3435 287 3500 quae,
307 3415 441 3480 diversa
457 3413 554 3488 locis,
573 3413 696 3498 partim
712 3414 892 3478 sorbentur
907 3413 951 3478 ab
967 3411 1056 3498 ipsa,

185 3519 220 3582 in
239 3540 333 3586 mare
348 3519 552 3606 perveniunt
567 3519 703 3604 partim,
722 3539 913 3606 campoque
929 3528 1068 3605 recepta
1103 3501 1112 3510 ⁵

185 3625 352 3692 liberioris
369 3647 479 3713 aquae
496 3647 557 3712 pro
573 3626 656 3710 ripis
672 3626 771 3691 litora
788 3625 937 3711 pulsant.

183 3732 283 3822 jussit
298 3744 331 3798 et
347 3733 484 3798 extendi
501 3752 655 3817 campoS,
674 3732 852 3798 subsidere
868 3733 991 3808 valles,

185 3839 306 3904 sronde
322 3838 391 3925 tegi
410 3839 527 3912 silvas,
545 3838 720 3923 lapidosos
735 3859 878 3925 surgere
895 3850 1041 3904 montest

230 3943 345 4032 thue
362 3944 451 4010 duae
467 3944 588 4009 dextra
604 3943 740 4009 caelum
754 3944 965 4032 totidemque
980 3943 1116 4012 sinistra
1198 3981 1234 4036 45
