2752 4350
120 263 128 277 ,
166 195 210 282 48
434 193 583 257 Perseus
606 190 680 254 ond
699 188 939 255 Andromeda.
1074 210 1216 282 [Mfflffl

167 389 333 475 eripuisse
349 398 452 473 caput
468 389 577 461 collo;
603 387 793 473 pennisque
811 389 973 474 fugacem
1165 407 1217 474 785

166 496 327 582 Pegason
344 506 377 558 et
393 495 544 569 fratrem,
566 494 681 558 matris
698 495 741 557 de
759 495 928 581 sanguine
946 508 1056 562 natos.

168 602 298 668 addidit
313 613 346 666 et
361 601 456 688 longi
474 622 541 665 non
558 599 645 664 salsa
662 599 815 684 pericula
831 621 972 666 cursus:

167 730 256 797 quae
272 709 371 782 freta,
388 727 474 792 quas
490 717 596 770 terras
614 706 677 770 sub
694 727 730 771 se
746 705 887 771 vidisset
903 708 946 772 ab
956 710 1046 785 alto,

167 828 201 881 et
216 835 304 902 quae
316 812 452 901 jactatis
469 811 634 898 tetigisset
650 812 762 876 sidera
779 813 913 897 pennis.

168 933 246 986 ante
263 931 497 1004 exspectatum
515 918 620 983 tacuit
635 930 764 982 tamen.
813 918 952 1004 Excipit
966 943 1056 986 unus
1166 951 1219 1008 790

167 1051 212 1093 ex
229 1048 371 1090 numero
389 1046 582 1110 procerum,
601 1046 785 1110 quaerens,
804 1026 955 1092 corsola
972 1049 1127 1094 sororum

167 1132 312 1222 gesserit
329 1131 466 1196 alternis
483 1131 643 1196 inmixtos
661 1131 811 1197 crinibus
829 1153 974 1220 angues

214 1239 351 1324 Hospes
368 1240 426 1314 ait,
447 1235 646 1320 ‘Qoniarn
663 1237 794 1303 scitaris
812 1239 918 1326 digna
935 1241 1058 1318 relatu,

168 1347 286 1431 accipe
302 1344 447 1432 quaesiti
464 1365 619 1410 causam.
669 1343 871 1410 Clarissima
887 1347 997 1413 forma

167 1454 418 1539 multorumque
434 1451 497 1516 suit
513 1473 591 1537 spes
608 1451 776 1517 invidiosa
793 1472 975 1536 procorum
1167 1484 1218 1543 795
1265 1545 1273 1554 υ

166 1561 246 1636 illa3
271 1581 336 1624 nec
352 1561 387 1623 in
403 1571 471 1624 tota
488 1559 701 1644 conspectior
718 1560 788 1624 ulla
805 1560 939 1645 capillis

167 1689 247 1754 pars
264 1666 336 1731 fuit.
386 1665 520 1742 Inveni,
538 1666 596 1752 qui
613 1665 792 1732 sevidisse
810 1665 961 1732 referret.

168 1775 258 1839 hanc
274 1772 391 1861 pelagi
408 1784 518 1838 rector
534 1773 662 1858 templo
678 1773 816 1838 vitiasse
835 1773 1015 1841 Minervae

168 1880 302 1946 dicitur.
350 1879 485 1945 Aversa
502 1891 552 1945 est
569 1891 602 1946 et
618 1891 729 1945 castos
747 1879 870 1967 aegide
887 1882 1001 1947 vultus

167 2000 248 2053 nata
259 1988 356 2075 Jovis
372 1987 475 2063 texit3
500 2008 587 2052 neve
604 1987 671 2053 hoc
686 1986 827 2072 impune
843 1987 973 2063 suisset,
1167 2006 1220 2061 800

168 2095 393 2183 Gorgoneum
410 2093 540 2160 crinem
556 2104 673 2179 turpes
691 2094 832 2159 mutavit
847 2094 882 2158 in
899 2095 1040 2181 hydros·

167 2225 260 2269 nunc
276 2224 425 2290 quoque,
441 2213 479 2268 ut
496 2201 652 2267 attonitos
669 2201 850 2266 formidine
865 2212 989 2267 terreat
1005 2203 1133 2279 hostes,
1229 2187 1234 2196 ⁴

167 2323 306 2400 pectore
320 2310 357 2377 in
373 2310 517 2377 adverso
533 2331 619 2399 quos
635 2307 727 2387 fecit,
746 2308 888 2376 sustinet
904 2309 1062 2398 angues!
