2790 4356
553 188 703 257 Skorter
725 189 861 255 Poems.
1078 203 1223 278 [Anonos

564 501 631 569 111.
678 502 850 569 Anonos.

234 703 303 755 THE
315 700 437 754 Amores
449 697 559 752 consist
571 695 688 772 oflthree
697 696 787 750 books
801 695 834 750 of
842 696 921 750 short
933 713 1038 766 poenis,
1049 713 1116 768 very
1126 695 1234 749 miscel·

181 789 296 843 laneous
312 788 340 840 in
360 786 432 841 their
451 784 584 854 subjects‚
603 783 787 862 sentimental,
802 783 978 853 voluptuous,
995 782 1232 853 complimentary,

181 894 213 931 or
232 875 368 945 personal.
406 873 503 926 Those
524 872 591 925 here
611 871 694 942 given
715 871 815 924 havea
834 871 939 939 special
960 871 1084 936 interest,
1106 886 1138 922 as
1157 869 1234 922 illus-

181 963 283 1032 trating
296 961 343 1015 the
356 961 446 1030 poet's
457 957 557 1013 earlier
568 956 730 1026 aspiration‚
745 955 800 1010 and
818 955 866 1010 the
884 971 960 1010 more
971 954 1076 1027 playful
1088 962 1186 1023 aspect
1198 953 1232 1008 os
1318 959 1326 968 '
1390 951 1391 976 ³

180 1049 224 1102 his
238 1065 327 1103 verse.

384 1273 414 1318 1.
447 1252 519 1319 The
541 1253 629 1318 Poet
652 1253 700 1337 of
712 1251 867 1317 Idleness
894 1249 935 1340 (i.
957 1249 1033 1338 15).

265 1460 352 1527 UlD
376 1461 473 1536 mihi,
491 1459 598 1525 Livor
615 1460 718 1535 edax,
737 1458 882 1547 ignavos
899 1457 1005 1524 obicis
1023 1478 1145 1536 annm,

311 1568 515 1656 Ingeniique
531 1589 635 1632 vocas
653 1588 793 1632 carmen
810 1565 928 1631 inertis
944 1563 1053 1650 opus?

181 1672 263 1750 Non
281 1695 335 1738 me
352 1693 445 1737 more
462 1683 609 1757 patrum,
629 1671 710 1736 dum
728 1683 864 1736 strenua
882 1670 1024 1736 sustinet
1041 1679 1135 1735 aetas

226 1779 384 1874 Prapmia
402 1778 540 1842 militiae
557 1778 796 1864 pulverulenta
812 1777 924 1863 sequi,

181 1885 258 1951 Nec
275 1907 329 1950 me
345 1887 507 1950 verbosas
524 1885 620 1972 leges
638 1884 804 1960 ediscere,
824 1905 889 1949 nec
906 1904 961 1949 me
1217 1913 1232 1969 ς

198 2023 211 2052 f
226 1991 366 2080 Ingrato
382 2013 502 2057 vocem
519 1990 729 2076 prostituisse
747 1990 832 2055 soro.

181 2083 328 2164 Mortale
345 2110 408 2174 est,
427 2098 517 2185 quod
534 2097 683 2186 quaetio,
701 2118 809 2182 opus:
837 2095 920 2162 mihi
939 2097 1032 2163 sama
1048 2095 1210 2184 perennis

227 2204 424 2292 Quaeritur,
444 2205 478 2269 in
494 2215 563 2270 toto
582 2224 718 2289 semper
733 2215 771 2269 ut
786 2204 868 2270 orbe
885 2225 1004 2270 canar.

180 2311 283 2378 Vivet
299 2311 516 2386 Maeonides
534 2310 697 2377 Tenedos
713 2310 796 2375 dum
813 2311 914 2376 stabit
930 2322 963 2376 et
979 2310 1054 2389 Ide,

226 2417 318 2482 Dum
335 2419 472 2503 rapidas
489 2417 616 2482 Simois
632 2417 667 2482 in
685 2438 780 2483 mare
796 2418 911 2484 volvet
927 2439 1048 2507 aquas.
1200 2450 1233 2490 ιο

180 2523 283 2590 Vivet
298 2536 332 2589 et
346 2524 533 2599 Ascraeus,
553 2524 634 2589 dum
652 2524 771 2590 mustis
788 2546 854 2590 uva
871 2526 1027 2604 tumebit,

226 2630 317 2695 Dum
336 2631 434 2696 cadet
450 2630 592 2695 incurva
609 2631 697 2714 salce
713 2643 846 2697 resecta
862 2631 983 2700 Ceres.

180 2736 354 2802 Battiades
371 2758 507 2822 semper
524 2748 591 2802 toto
608 2738 800 2805 cantabitur
816 2741 920 2805 orbe:

226 2844 394 2933 Quamvis
411 2844 550 2932 ingenio
567 2867 636 2909 non
652 2846 755 2922 valet,
776 2859 846 2913 arte
863 2849 966 2915 valet.

179 2951 285 3016 Nulla
303 2950 498 3036 Sophocleo
514 2951 627 3015 veniet
641 2951 775 3039 jactura
794 2956 980 3032 cothurno;
1200 2987 1231 3044 ις

224 3057 313 3123 Cum
331 3057 402 3122 sole
419 3067 452 3121 et
468 3058 548 3122 luna
565 3079 701 3144 semper
717 3059 846 3127 Aratus
863 3063 936 3127 erit.

179 3163 271 3228 Dum
289 3164 396 3229 fallax
413 3185 544 3239 servus,
564 3167 669 3231 durus
687 3181 796 3253 pater,
814 3169 970 3254 improba
986 3170 1066 3235 lena

223 3269 350 3334 Vivent
366 3281 398 3334 et
415 3273 573 3337 meretrix
591 3275 733 3351 blanda,
752 3274 964 3340 Menandros
981 3276 1056 3340 erit.

179 3375 311 3441 Ennius
328 3387 399 3440 arte
417 3399 537 3444 carens
557 3380 769 3466 animosique
781 3377 911 3446 Accius
922 3383 991 3446 oris

224 3482 395 3548 Casurum
413 3486 507 3551 nullo
524 3497 677 3570 tempore
695 3508 820 3551 nomen
837 3487 973 3552 habent.
1197 3518 1232 3559 20
1270 3479 1274 3485 ’

178 3589 370 3654 Varronem
390 3593 604 3677 primamque
622 3603 729 3656 ratem
746 3613 834 3678 quae
851 3593 981 3658 nesciet
998 3604 1103 3671 actae,

224 3695 410 3784 Aureaque
428 3697 580 3762 Aesonio
597 3706 694 3783 terga
712 3699 816 3782 petita
833 3696 935 3763 duci?

180 3798 346 3866 Carmina
364 3785 518 3867 sublimis¹
535 3813 616 3866 tunc
632 3814 711 3866 sunt
728 3804 877 3886 peritura
894 3803 1048 3883 Lucreti,

225 3905 339 3969 Exitio
355 3916 463 3968 terras
480 3926 557 3968 cum
575 3905 669 3969 dabit
685 3925 753 3968 una
770 3906 856 3971 dies.
