2790 4356
186 289 245 345 111.
264 301 291 358 3,
307 289 365 359 54]
453 269 486 338 T
480 271 523 336 lte
545 264 677 338 Exr'le's
701 269 785 336 Sick
813 267 997 336 Chalnber.
1173 277 1235 350 175

187 468 227 537 Si
241 469 311 558 jam
329 467 500 545 deficiam,
518 469 771 554 subpressaque
788 467 908 555 lingua
924 466 1039 552 palato

231 575 302 642 Vix
317 575 479 640 instillato
496 575 703 640 restituenda
719 595 827 650 mern,

187 681 330 749 Nuntiet
346 683 414 748 huc
430 681 553 767 aliquis
569 680 745 746 dominam
762 680 910 756 venisse,
928 699 1120 766 resurgam,

233 789 389 876 Spesque
405 787 453 853 tui
470 787 569 852 nobis
587 807 691 852 causa
707 785 835 874 vigoris
852 785 926 850 erit.

188 894 283 984 Ergo
294 878 366 982 'ego
384 915 459 960 sum
476 891 600 958 dubius
617 893 721 969 vitae,
739 904 776 957 tu
792 892 933 958 forsitan
949 889 1025 957 istic
1136 918 1139 923 ·

230 1003 426 1088 Jncundum
445 999 549 1066 nostri
566 999 685 1064 nescia
700 1011 836 1084 tempus
853 997 952 1086 agis?

188 1107 271 1174 Non
288 1109 376 1196 agis,
396 1109 560 1173 adfirmo:
585 1106 691 1193 liquet
708 1105 995 1180 hoc,-carissima,
1013 1103 1125 1180 nobis,

233 1214 387 1300 Tempus
405 1214 462 1302 agi
479 1214 553 1279 sine
569 1234 624 1278 me
641 1233 710 1278 uon
727 1211 791 1277 nisi
808 1212 901 1276 triste
918 1211 989 1276 tibi.

189 1319 228 1387 Si
244 1333 359 1386 tamen
376 1321 529 1407 implevit
544 1340 622 1385 mea
639 1340 724 1394 sors,
743 1339 830 1404 quos
847 1318 976 1394 debuit,
995 1339 1117 1395 annos,

234 1426 278 1491 Et
294 1427 376 1491 mihi
393 1427 530 1492 vivendi
545 1439 615 1492 tam
633 1426 698 1492 cito
715 1425 792 1490 finis
810 1424 928 1489 adest:

190 1533 367 1619 Qantum
386 1544 469 1610 erat,
489 1533 521 1599 O
538 1533 669 1621 magni,
689 1531 851 1597 morituro
867 1530 1137 1616 parcere,.Divi,

235 1641 283 1707 Ut
298 1633 419 1706 saltem
436 1641 546 1726 patria
562 1640 815 1705 contumularer
831 1636 959 1703 humo?

188 1745 255 1814 Vel
272 1767 383 1833 poena
399 1747 435 1812 in
450 1758 585 1833 tempus
601 1747 717 1813 mortis
733 1745 839 1812 dilata
856 1744 987 1822 fuisset,

233 1852 301 1919 Vel
317 1852 548 1940 praecepisset
564 1875 655 1918 mors
672 1863 851 1939 properata
870 1852 1003 1938 sugam.

189 1958 328 2048 Integer
344 1961 435 2025 hanc
451 1961 544 2046 potui
561 1981 670 2046 nuper
686 1960 773 2025 bene
790 1959 933 2024 reddere
951 1958 1085 2023 lucem:
1204 2001 1205 2004 =

232 2066 395 2132 Exsul-ut
410 2067 616 2142 occiderem,
634 2087 726 2132 nuuc
743 2065 825 2131 mihi
841 2065 910 2129 vita
928 2063 1008 2130 data
1023 2074 1088 2130 est.

113 2221 116 2225 -
188 2171 280 2239 Tam
296 2174 415 2260 procul
431 2173 556 2262 ignotis
572 2173 677 2261 igitur
692 2175 876 2240 moriemur
891 2172 927 2237 in
943 2170 1026 2247 oris,

234 2279 279 2346 Et
294 2278 376 2346 fie’ut
391 2280 465 2366 ipso
481 2280 586 2345 tristia
603 2281 672 2346 sata
687 2278 786 2346 loco?

189 2386 267 2452 Nec
283 2407 360 2452 mea
376 2377 538 2453 consueto
554 2388 780 2473 languescent
795 2406 938 2472 corpora
955 2381 1069 2452 lecto?¹
1184 2433 1186 2438 ·

235 2492 437 2579 Depositum
455 2513 518 2558 nec
535 2514 590 2558 me
607 2493 665 2580 qui
681 2493 772 2570 fleat,
790 2493 880 2559 ullus
897 2491 981 2558 erit?

189 2598 268 2666 Nec
284 2600 443 2666 dominae
459 2599 609 2666 lacrimis
625 2600 660 2664 in
677 2611 792 2666 nostra
807 2601 1008 2667 cadentibus
1024 2621 1085 2668 ora

234 2705 413 2773 Accedent
429 2707 563 2773 animae
579 2717 733 2793 tempora
750 2729 856 2794 parva
873 2709 994 2775 meae?

190 2812 268 2879 Nec
286 2814 447 2878 mandata
463 2813 565 2890 dabo,
583 2835 648 2880 nec
665 2835 743 2880 cum
761 2816 910 2884 clamore
928 2839 1089 2905 supremo

234 2919 408 2986 Labentes
423 2921 541 2985 oculos
557 2921 681 2987 condet
696 2922 807 2988 amica
825 2925 971 2991 manus?

190 3020 261 3093 Se'd
278 3026 351 3091 sine
368 3026 543 3092 funeribus
560 3040 663 3113 caput
679 3029 758 3107 hoc,
778 3031 852 3097 sine
869 3034 998 3098 honore
1015 3030 1163 3118 sepulcri
1203 3061 1238 3119 43

235 3132 492 3219 Indeploratum
506 3134 654 3202 barbara
670 3147 760 3202 terra
775 3138 891 3227 teget?
935 3207 937 3211 ,

189 3238 338 3326 Ecquid,
356 3249 393 3305 ut
409 3240 570 3318 audieris,
587 3253 657 3309 tota
672 3246 853 3311 turbabere
870 3258 997 3323 mente,

235 3345 280 3410 Et
295 3346 396 3412 series
412 3347 537 3433 pavida
553 3361 692 3435 pectora
708 3353 779 3418 fida
795 3349 921 3417 mann?

189 3451 337 3539 Ecquid,
355 3453 391 3519 in
408 3455 471 3520 has
486 3455 610 3522 frustra
626 3458 771 3524 tendens
786 3469 844 3523 tua
860 3458 1023 3524 bracchia
1039 3468 1165 3544 partes,

235 3559 413 3626 Clamabis
429 3562 545 3628 miseri
562 3585 688 3630 nomen
704 3564 807 3630 inane
823 3564 908 3629 viri?
1206 3595 1238 3651 50

190 3667 299 3734 Parce
315 3679 430 3734 tamen
447 3669 600 3734 lacerare
617 3691 739 3758 genas,
758 3691 822 3736 uec
839 3672 956 3737 scinde
974 3671 1138 3757 capillos:

234 3773 315 3839 Non
331 3773 391 3839 tibi
408 3795 501 3840 nunc
516 3775 678 3862 primum,
696 3776 757 3841 lux
773 3797 864 3852 mea,
882 3789 999 3863 raptus
1015 3798 1087 3844 ero.

189 3879 280 3946 Cum
296 3879 442 3965 patriam
459 3881 571 3958 amisi,
588 3892 670 3947 tunc
687 3903 741 3947 me
758 3883 899 3968 periisse
915 3895 1053 3969 putat03

234 3984 279 4052 Et
294 3986 387 4074 prior
402 3998 435 4053 et
451 3987 590 4077 gravior
606 4010 697 4056 mors
712 3988 775 4055 fuit
790 3989 849 4056 illa
866 3990 962 4056 mihi.
