2790 4356
175 255 265 309 v111.
281 255 356 327 724]
387 237 480 326 They
503 261 567 305 are
589 238 830 324 transfhrmed
850 247 884 303 to
916 236 951 303 T
946 258 1032 302 rees.
1186 257 1227 326 91

219 433 310 499 Vota
327 435 412 500 fides
429 435 601 522 sequitur:
625 435 743 520 templi
760 434 865 499 tutela
882 433 991 508 suere,

175 541 286 606 donec
303 541 371 606 vita
389 543 468 607 data
486 553 547 606 est.
595 539 709 606 Annis
727 561 880 626 aevoque
898 539 1011 615 soluti,

176 659 254 712 ante
271 649 400 734 gradus
417 670 533 714 sacros
551 669 627 713 cum
646 657 774 713 starent
790 646 888 720 sorte,
907 647 1043 734 lociq'ue

175 753 365 839 inciperent
381 776 493 826 casus,
513 755 671 819 frondere
688 752 894 817 Philemona
912 751 1053 828 Baucis,

94 895 99 913 ·
175 860 331 926 Baucida
348 861 526 946 conspexit
542 861 655 926 senior
672 859 831 925 frondere
849 860 1043 926 Philemon.
1176 889 1227 946 715

171 969 313 1057 jamque
330 989 434 1054 super
451 968 608 1055 geminos
626 979 800 1032 crescente
818 968 998 1032 cacumine
1015 967 1127 1032 vultus

175 1085 306 1147 mutua,
325 1075 405 1138 dum
425 1075 531 1148 licuit,
550 1074 739 1139 reddebant
755 1075 859 1148 dicta,
890 1073 973 1138 Vale
988 1094 1054 1158 que

180 1179 212 1246 O
228 1180 377 1266 conjunx
394 1181 511 1245 dixere
529 1179 643 1256 simul,
663 1181 763 1246 simul
782 1181 898 1244 abdita
915 1179 999 1243 texit

175 1308 235 1352 ora
253 1286 375 1380 frutex.
426 1287 584 1354 Ostendit
601 1289 714 1353 adhuc
731 1287 902 1352 Thineius
918 1286 989 1350 illic

174 1396 288 1461 incola
305 1397 348 1461 de
365 1397 505 1485 gemino
520 1396 651 1461 vicinos
669 1415 810 1480 corpore
828 1405 978 1458 truncos.
1176 1422 1228 1477 720

175 1504 264 1568 haec
281 1503 363 1568 mihi
381 1525 450 1568 non
466 1502 546 1568 vani
557 1522 723 1588 -neque
741 1511 813 1565 erat
835 1521 895 1563 cur
912 1499 1032 1564 fallere
1047 1499 1228 1564 vellent-

175 1631 360 1675 narravere
377 1631 498 1676 senes:
523 1608 681 1696 equidem
699 1607 883 1692 pendentia
900 1604 970 1670 vidi

176 1729 266 1783 serta
283 1739 385 1802 super
401 1713 535 1792 ramos}
562 1734 760 1801 ponensque
777 1711 940 1786 recentia,
960 1711 1053 1777 dixi:

181 1824 280 1894 Cura
292 1826 350 1913 pz'z'
362 1824 416 1890 dis
430 1831 523 1901 sunt,
542 1831 575 1888 et
584 1806 655 1920 'qni
667 1821 802 1886 coluere
818 1819 993 1885 coluntur.
