2752 4350
192 213 238 305 46
470 214 620 281 Perseus
642 215 716 280 and
735 213 974 282 Andromeda.
1102 233 1246 306 [Mareu.

192 421 340 500 occupat
355 422 528 490 aversum,
546 435 614 479 neu
631 434 734 480 saeva
751 422 943 501 retorqueat
958 433 1032 491 ora,

192 521 420 609 squamigeris
437 518 555 586 avidos
571 520 646 607 figit
661 520 851 586 cervicibus
868 541 1025 608 ungues:

192 628 242 694 sic
258 629 354 692 celer
365 625 518 692 immisso
535 647 702 713 praeceps
718 647 780 712 per
796 627 899 694 inane
916 627 1032 692 volatu

190 745 289 821 terga
305 734 399 798 serae
416 732 550 818 pressit,
569 732 757 820 dextroque
775 732 949 798 frementis
965 732 1000 797 in
1016 754 1113 802 armo

190 840 374 905 Inachides
390 840 518 905 serrum
534 860 640 905 curvo
655 850 755 905 tenus
772 839 902 904 abdidit
917 840 1033 906 hamo.
1189 871 1242 928 720

189 948 331 1012 vulnere
347 948 442 1012 laesa
458 946 570 1034 gravi,
589 946 691 1011 modo
706 967 744 1010 se
760 945 915 1012 sublimis
931 933 966 1012 in
984 968 1085 1014 auras

190 1053 321 1128 attollit,
339 1054 441 1118 modo
458 1052 571 1118 subdit
587 1051 698 1139 aquis,
717 1054 819 1117 modo
835 1074 929 1119 more
945 1054 1067 1120 serocis

188 1170 302 1226 versat
318 1159 405 1244 apri,
423 1179 526 1246 quem
543 1160 642 1224 turba
659 1179 784 1223 canum
802 1158 1016 1227 circumsona
1031 1171 1144 1228 terret.

189 1266 246 1331 ille
264 1266 382 1331 avidos
399 1287 532 1331 morsus
548 1265 723 1331 velocibus
740 1265 861 1354 effugit
877 1267 961 1343 alis;

187 1395 324 1461 quaque
342 1382 469 1458 patent,
488 1393 581 1438 nunc
596 1384 694 1460 terga
711 1372 804 1438 cavis
821 1395 924 1460 super
940 1374 1048 1440 obsita
1065 1374 1220 1454 conchis,

188 1500 280 1546 nunc
297 1480 440 1544 laterum
458 1491 583 1554 costas,
603 1499 695 1544 nunc
712 1500 780 1566 qua
796 1481 994 1546 tenuissima
1012 1483 1124 1549 cauda

188 1587 311 1652 desinit
327 1585 361 1651 in
378 1585 523 1671 piscem,
541 1585 666 1651 falcato
682 1587 839 1653 verberat
853 1609 948 1653 ense.

186 1694 289 1758 belua
306 1694 452 1777 puniceo
470 1691 593 1758 mixtos
609 1712 687 1757 cum
704 1692 874 1780 sanguine
890 1693 1012 1761 fluctus

186 1821 246 1865 ore
262 1799 388 1864 vomit:
413 1799 576 1864 maduere
593 1819 717 1886 graves
734 1800 917 1888 aspergine
934 1822 1081 1887 pennae.

232 1905 310 1971 Nec
325 1905 450 1970 bibulis
467 1906 554 1969 ultra
571 1904 718 1971 Perseus
735 1907 899 1973 talaribus
916 1928 1020 1975 ausus
1184 1940 1239 1996 730

188 2012 341 2088 credere,
361 2010 538 2096 conspexit
554 2012 745 2098 scopulum,
763 2012 822 2099 qui
837 2014 963 2080 vertice
980 2036 1114 2082 summo

187 2120 354 2188 stantibus
371 2129 481 2184 exstat
497 2117 608 2205 aquis
626 2119 776 2204 operitur
793 2120 836 2184 ab
854 2141 1002 2208 aequore
1019 2131 1118 2188 moto.

187 2228 289 2292 nixus
307 2247 361 2300 eo,
379 2225 540 2312 rupisque
557 2237 677 2290 tenens
689 2225 776 2314 juga
793 2227 915 2312 prima,
934 2227 1071 2295 sinistra

187 2344 238 2400 ter
254 2343 374 2420 quater
391 2332 506 2418 exegit
522 2332 664 2416 repetita
680 2354 742 2417 per
757 2333 816 2398 ilia
833 2334 972 2399 serrum.

187 2441 286 2505 litora
303 2459 381 2503 cum
397 2439 521 2523 plausu
538 2439 668 2524 clamor
685 2459 903 2548 superasqueN
911 2440 1053 2507 deorum
1185 2473 1236 2532 735

187 2546 372 2632 implevere
389 2545 521 2610 domos.
570 2544 743 2620 Gaudent,
762 2568 998 2634 generumque
1015 2549 1174 2627 salutant,

189 2655 424 2741 auxiliumque
441 2653 562 2718 domus
579 2663 855 2740 servatoremque
872 2654 1020 2721 fatentur

187 2763 355 2849 Cassiope
372 2760 603 2847 Cepheusque
619 2770 728 2845 pater.
777 2760 945 2826 Resoluta
962 2762 1091 2830 catenis

186 2871 314 2936 incedit
329 2869 442 2957 virgo,
459 2866 673 2953 pretiumque
690 2876 724 2931 et
739 2886 845 2930 causa
862 2868 1001 2934 laboris.

233 2977 311 3062 Ipse
328 2998 451 3042 manus
468 2977 590 3040 hausta
606 2970 762 3038 victrices
780 2973 886 3039 abluit
901 2976 1015 3041 unda:
1184 3005 1237 3062 740

186 3084 473 3171 anguiferumque
490 3091 592 3168 caput
607 3080 692 3146 dura
709 3101 754 3146 ne
770 3081 883 3146 laedat
899 3102 1017 3158 arena,
1076 3120 1078 3126 ν

187 3191 296 3255 mollit
311 3191 453 3254 humum
471 3189 573 3264 foliis,
592 3200 758 3276 natasque
775 3188 839 3252 sub
853 3183 1004 3275 ‘aequore
1020 3189 1136 3278 virgas

187 3297 317 3374 sternit,
336 3307 369 3362 et
385 3296 528 3382 imponit
543 3295 783 3384 Phorcynidos
799 3316 860 3362 ora
876 3294 1058 3362 Medusae.

184 3404 286 3493 virga
301 3426 421 3470 recens
438 3403 623 3490 bibulaque
640 3404 827 3469 etiamnum
843 3403 922 3469 viva
940 3405 1091 3471 medulla

185 3513 255 3578 vim
272 3511 385 3598 rapuit
400 3509 554 3586 monstri,
572 3520 732 3596 tactuque
748 3511 899 3578 induruit
914 3513 1030 3602 hujus,
1183 3542 1236 3602 745

187 3618 406 3704 percepitque
423 3638 549 3682 novum
567 3615 671 3680 ramis
688 3626 722 3681 et
738 3616 857 3684 fronde
875 3619 1039 3708 rigorem.

188 3736 222 3788 at
238 3723 353 3810 pelagi
369 3723 545 3808 nymphae
561 3721 688 3786 facturn
706 3721 860 3788 mirabile
876 3737 1044 3811 temptant

186 3829 340 3915 pluribus
357 3828 392 3892 in
409 3827 527 3913 virgis,
547 3837 579 3892 et
595 3827 686 3891 idem
704 3828 901 3916 contingere
919 3833 1085 3918 gaudent,

187 3935 387 4020 seminaque
404 3955 448 3997 ex
465 3932 531 3997 illis
548 3933 670 3997 iterant
680 3931 809 4020 jactata
826 3955 888 4020 per
902 3938 1028 4005 undas.
