2790 4356
199 267 289 322 XIII.
304 266 380 340 210.]
454 249 457 254 ’
502 249 573 316 Tae
595 250 764 338 Embassy
788 259 822 317 to
852 249 958 338 Troy.
1184 269 1246 334 123

199 457 302 534 utque
319 445 404 512 alios
419 458 566 523 taceam,
584 448 642 534 qui
660 470 801 514 saevum
818 449 961 535 perdere
979 457 1094 533 posset

202 553 365 628 Hectora,
384 575 507 642 nempe
524 556 626 620 dedi:
649 576 711 640 per
727 578 782 620 me
794 557 888 644 jacet
903 557 1038 620 inclitus
1057 556 1200 622 Hector.

199 659 265 726 illis
282 662 369 726 haec
386 665 502 739 armis,
519 663 642 750 quibus
659 675 709 728 est
725 664 882 728 inventus
899 661 1067 740 Achilles,

200 788 295 832 arma
312 780 410 854 petor
434 770 512 835 vivo
529 770 705 845 dederam,
723 782 799 854 post
815 770 884 833 sata
901 790 1055 854 reposco.
1201 789 1249 841 180

245 885 254 916 ⁴
270 875 319 941 Ut
335 878 431 941 dolor
446 877 547 942 unius
565 877 706 942 Danaos
724 877 879 962 pervenit
895 877 939 941 ad
955 897 1088 953 omneS,

198 977 397 1070 Aulidaque
411 983 602 1049 Euboicam
620 983 833 1069 complerunt
850 982 942 1048 mille
960 983 1111 1060 carinae,

199 1103 396 1176 exspectata
414 1091 485 1166 diu,
503 1091 598 1154 nulla
615 1101 673 1154 aut
689 1089 858 1155 contraria
875 1088 987 1155 classi,

197 1195 337 1261 flamina
355 1209 446 1274 sunt,
464 1199 637 1284 duraeque
650 1197 771 1286 jubent
787 1196 1054 1283 Agamemnona
1071 1206 1178 1262 sortes

197 1303 402 1369 immeritam
419 1325 543 1370 saevae
560 1317 676 1368 natam
693 1315 842 1368 mactare
860 1303 1007 1368 Dianae.
1199 1320 1246 1390 185

198 1411 349 1500 denegat
363 1412 429 1478 hoc
446 1412 592 1500 genitor,
611 1410 766 1500 divisque
783 1411 939 1476 irascitur
955 1411 1050 1496 ipsis,

159 1509 167 1520 ’
198 1529 298 1606 atque
315 1519 350 1583 in
366 1540 450 1607 rege
466 1530 693 1604 tamenpater
709 1530 772 1584 est.
821 1517 900 1605 Ego
916 1517 996 1582 mite
1013 1516 1165 1603 parentis

196 1626 375 1716 ingenium
392 1627 504 1692 verbis
520 1628 565 1693 ad
581 1625 718 1711 publica
735 1625 916 1691 commoda
933 1625 1030 1689 verti.

196 1756 289 1800 nunc
305 1735 464 1822 equidem
481 1736 601 1810 sateor,
618 1734 779 1821 fassoque
794 1734 953 1820 ignoscat
968 1730 1129 1797 Atrides:

196 1842 370 1909 difficilem
387 1842 480 1908 tenui
497 1843 560 1907 sub
576 1841 693 1928 iniquo
706 1840 822 1928 judice
840 1861 992 1904 causam.
1070 1876 1072 1879 v
1199 1869 1249 1926 190

196 1950 290 2014 hunc
305 1960 420 2014 tamen
437 1949 564 2015 utilitas
580 1947 697 2034 populi
715 1947 884 2033 fraterque
903 1946 1040 2032 datique
1261 1940 1264 1946 ’

197 2077 331 2122 summa
348 2067 460 2121 movet
476 2057 613 2142 sceptri,
629 2056 767 2120 laudem
780 2064 818 2118 ut
834 2075 912 2118 cum
930 2051 1101 2140 sanguine
1118 2061 1247 2138 penset.

197 2164 309 2228 mittor
325 2174 358 2228 et
374 2164 418 2228 ad
435 2174 592 2238 matrem,
610 2183 699 2250 quae
716 2183 785 2226 non
803 2160 984 2235 hortanda,
1004 2160 1065 2225 sed
1082 2170 1157 2224 astu
1214 2177 1224 2190 ⁸
1345 2142 1349 2153 ⁵

196 2271 400 2356 decipienda
416 2271 489 2336 fuit.
540 2269 620 2355 Quo
638 2255 666 2335 ei
683 2267 908 2334 Telamonius
926 2267 1019 2343 isset,

196 2379 280 2444 orba
297 2377 366 2442 suis
383 2359 613 2443 essent'etiam
631 2399 723 2442 nunc
740 2376 844 2441 lintea
861 2374 982 2439 ventis.
1199 2402 1246 2463 195

243 2497 253 2529 ⁴
270 2485 388 2553 Mittor
404 2499 437 2554 et
452 2488 576 2554 Iliacas
594 2490 709 2554 audax
725 2498 838 2554 orator
855 2487 898 2552 ad
916 2508 1025 2562 arceS,

196 2594 338 2682 visaque
356 2605 388 2660 et
403 2595 526 2660 intrata
543 2607 593 2660 est
609 2597 697 2660 altae
715 2595 798 2659 mihi
816 2595 910 2659 curia
927 2592 1077 2684 Trojae:

197 2703 367 2789 plenaque
384 2703 499 2767 adhuc
515 2714 587 2767 erat
603 2702 662 2766 illa
678 2691 779 2767 viris(
822 2701 998 2766 Interritus
1016 2701 1073 2790 egi

197 2830 301 2896 quam
318 2807 400 2873 mihi
418 2811 597 2874 mandarat
613 2809 804 2874 communis
820 2808 968 2873 Graecia
985 2829 1140 2883 causam,

198 2936 390 3001 accusoque
407 2914 524 2990 Parin,
538 2913 776 3002 ¹praedamque
795 2915 1034 3000 Helenamque
1051 2935 1208 3000 reposc0,

197 3035 231 3089 et
248 3045 368 3089 moveo
384 3021 559 3088 Priamum
578 3021 783 3110 Priamoque
800 3022 976 3088 Antenora
990 3023 1159 3110 junctum.

198 3141 233 3196 at
248 3131 345 3202 Paris
362 3143 394 3198 et
410 3133 530 3198 fratres
547 3132 653 3219 etqui
670 3153 816 3216 rapuere
834 3133 897 3198 sub
915 3132 987 3207 illo,

196 3238 257 3302 vix
272 3250 411 3304 tenuere
429 3260 551 3304 manus
563 3277 609 3287 —
622 3239 687 3303 scis
701 3236 783 3313 hoc,
804 3236 965 3303 Menelai}
979 3236 987 3302 l
1000 3276 1046 3286 -
1058 3237 1225 3302 nefandas
1238 3258 1246 3310 ;

198 3341 377 3431 primaque
394 3345 454 3408 lux
471 3347 575 3410 nostri
592 3356 703 3409 tecum
722 3344 784 3409 suit
800 3344 857 3408 illa
875 3345 1005 3429 pericli.

244 3463 253 3492 ‘
270 3451 395 3540 Longa
412 3453 539 3517 referre
556 3474 651 3517 mora
668 3463 730 3528 est,
746 3473 834 3538 quae
852 3452 1061 3537 consilioque
1076 3469 1247 3536 manuque

197 3558 323 3623 utiliter
339 3558 405 3622 feci
422 3557 561 3643 spatiosi
578 3569 730 3643 tempore
746 3557 840 3622 belli.

198 3676 275 3751 post
291 3665 382 3730 acies
399 3664 527 3749 primas
543 3665 637 3730 urbis
654 3686 690 3730 se
708 3665 886 3729 moenibus
903 3664 1017 3728 hostes

198 3771 396 3836 continuere
413 3771 489 3846 diu,
503 3793 568 3836 nec
585 3771 691 3856 aperti
709 3771 808 3855 copia
826 3770 941 3834 martis

197 3879 269 3942 ulla
286 3878 367 3942 suit:
393 3879 527 3943 decimo
544 3879 681 3942 demum
700 3877 930 3964 pugnavimus
948 3897 1051 3941 anno.
1088 3903 1096 3913 ·

199 3984 280 4072 quid
296 3984 381 4048 sacis
398 3983 539 4060 interea,
558 3983 617 4070 qui
634 3983 695 4059 nil,
714 3982 779 4048 nisi
794 3983 939 4068 proelia,
958 3980 1068 4048 nosti?
1198 4011 1250 4050 210
