2822 4356
174 260 225 314 tv.
242 274 281 327 10,
295 257 351 329 86.]
447 235 518 303 The
540 235 652 303 Poet's
675 233 1114 395 Autobzograpbppr
1163 229 1223 295 181

173 439 363 507 Successor
382 433 444 500 fuit
461 432 518 498 hic
533 432 606 510 tibi,
626 393 749 508 Galle3
773 431 971 517 Propertius
987 338 1057 503 illi3

219 545 372 633 Quartus
391 543 433 607 ab
451 541 504 606 his
522 541 609 606 serie
625 539 787 624 temporis
803 538 877 623 ipse
894 537 954 601 sui

172 656 286 742 thue
304 675 370 742 ego
389 650 548 738 majores,
569 669 618 711 s1c
636 669 690 712 me
708 647 845 711 coluere
863 664 1023 720 minores,
1049 617 1171 712 ww
1194 672 1226 728 55
1294 709 1296 712 .

219 759 379 845 Notaque
397 777 465 821 non
484 752 580 817 tarde
599 751 688 815 sacta
705 749 832 813 Thalia
850 768 926 813 mea
943 757 1006 812 est
1104 739 1119 767 ⁸
1215 753 1292 812 mur,
1286 739 1315 790 ¹⁶
1347 750 1362 766 ''

173 865 338 932 Carmina
355 887 432 930 cum
450 862 599 950 primum
617 859 744 944 populo
757 835 924 944 juvenilia
941 855 1025 944 legi,

151 995 153 999 ·
219 973 335 1038 Barba
342 984 490 1092 resecta
500 969 582 1034 mihi
599 967 695 1082 bisve
712 964 863 1078 semelve
880 964 955 1029 suit

174 1053 264 1144 Mov
281 1053 361 1144 rd't
348 1055 526 1167 rng'enidm
498 1041 649 1142 tofdm
667 1050 803 1140 caritate
820 1095 882 1160 per
898 1073 1031 1139 Urbem

218 1184 370 1258 Nomine
387 1207 455 1251 non
472 1205 553 1250 vero
571 1183 662 1250 dicta
680 1180 834 1247 Corinna
851 1179 948 1244 milri.
1192 1199 1227 1254 ⁶0

156 1293 286 1359 ‘Multa
303 1293 441 1380 quidem
457 1315 474 1358 s
498 1290 600 1378 ripsi;
628 1290 689 1355 sed
705 1293 795 1377 quae
810 1288 933 1354 vitiosa
948 1287 1080 1376 putavi,

40 1388 177 1485 uliud!
218 1313 613 1491 &mendaturi'sdgnibus
631 1397 704 1484 ipse
722 1395 817 1462 dedi.
1041 1395 1224 1484 [cremavi,

51 1492 74 1532 '¹³
172 1504 275 1572 Tunc
312 1527 462 1594 quoque,
507 1526 586 1570 cum
625 1504 795 1592 fugerem,
836 1502 1009 1591 quaedam
1057 1503 1225 1590 placitura

217 1611 327 1678 Iratus
344 1612 455 1677 studio
472 1611 751 1698 carminibusque
768 1609 867 1676 meis.

172 1719 282 1786 Molle
299 1718 501 1805 Cupidineis
519 1739 584 1784 nec
600 1717 872 1805 inexpugnabile
889 1717 965 1783 telis
1191 1735 1224 1805 65

217 1826 287 1893 Cor
304 1825 400 1901 mihi,
419 1826 578 1912 quodque
595 1825 679 1890 levis
696 1845 801 1890 causa
819 1835 982 1902 moveret,
1003 1835 1087 1889 erat.

173 1932 263 1999 Cum
280 1944 395 1998 tamen
411 1931 469 1996 hic
485 1953 610 2007 essem,
629 1931 839 2018 minimoque
857 1932 1067 1997 accenderer
1082 1931 1179 2020 igne,
1221 2007 1224 2013 ¹

216 2039 366 2105 Nomine
385 2039 448 2104 sub
464 2050 579 2104 nostro
596 2039 714 2103 sabula
731 2038 825 2103 nulla
842 2038 917 2104 suit.

173 2144 290 2211 Paene
307 2145 390 2210 mihi
406 2167 514 2233 puero
530 2166 596 2210 nec
612 2144 720 2234 digua
736 2167 801 2211 nec
817 2144 909 2211 utilis
925 2167 1014 2211 uxor

216 2251 278 2318 Est
294 2253 385 2328 data,
404 2273 492 2340 quae
509 2262 644 2338 tempus
661 2272 722 2338 per
737 2252 842 2317 breve
858 2263 965 2346 nupta
982 2252 1055 2318 fuit.
1192 2281 1226 2337 70

170 2357 225 2424 Illi
243 2359 417 2434 successit,
437 2358 594 2445 quamvis
610 2359 685 2424 sine
702 2358 845 2424 crimine
862 2359 1028 2447 conjunx,

215 2465 297 2531 Non
313 2475 428 2530 tamen
444 2466 479 2529 in
496 2475 611 2530 nostro
627 2466 727 2530 firma
744 2465 856 2531 futura
872 2477 959 2531 tor0.

169 2571 313 2649 Ultima,
330 2593 419 2660 quae
436 2592 571 2638 mecum
588 2593 682 2638 seros
698 2572 887 2658 permansit
902 2573 938 2638 in
956 2594 1078 2651 annon

215 2678 383 2745 Sustinuit
399 2678 550 2766 conjunx
567 2679 696 2744 exsulis
714 2701 790 2746 esse
806 2679 883 2744 viri.

169 2785 259 2851 Filia
276 2807 331 2850 me
347 2806 424 2850 mea
440 2785 493 2850 bis
509 2787 620 2871 prima
637 2786 787 2852 secunda
800 2786 957 2875 juventa,
1191 2818 1223 2876 75

214 2891 286 2958 Sed
302 2915 372 2958 non
388 2913 433 2958 ex
448 2913 517 2958 uno
533 2892 696 2980 conjuge,
715 2892 795 2959 fecit
812 2914 936 2969 avum;

169 2998 213 3064 Et
225 2999 297 3087 jam
315 2999 503 3084 complerat
519 2998 654 3087 genitor
671 3020 734 3065 sua
751 3000 834 3077 sata,
852 2967 1046 3089 urbemque

212 3102 405 3170 Addiderat
422 3104 535 3170 lustris
553 3106 660 3171 altera
677 3106 784 3172 lustra
800 3128 938 3173 novem.

167 3210 249 3276 Non
267 3211 364 3277 aliter
379 3211 470 3288 flevi,
490 3233 594 3299 quam
616 3235 671 3278 me
687 3213 827 3279 fleturus
844 3215 1042 3303 ademptum

212 3317 275 3384 llle
292 3319 365 3384 fuit.
415 3318 521 3384 Matri
542 3321 699 3406 proxima
712 3321 804 3409 justa
821 3321 893 3387 tuli.
1188 3341 1223 3394 8ο·

167 3423 302 3491 Felices
320 3426 420 3493 ambo
439 3431 710 3517 tempestiveque
727 3430 864 3516 sepulti,

211 3529 303 3597 Ante
321 3532 412 3597 diem
431 3557 563 3620 poenae
581 3538 672 3624 quod
689 3537 820 3624 periere
838 3535 958 3603 meael

167 3635 228 3702 Me
244 3659 379 3727 quoque
398 3643 546 3721 felicem,
564 3644 657 3731 quod
674 3667 743 3711 non
758 3645 950 3711 viventibus
967 3643 1034 3710 illis

211 3743 298 3811 Sum
317 3751 434 3826 miser,
454 3761 487 3816 et
502 3750 545 3837 de
563 3772 618 3816 me
634 3752 725 3838 quod
743 3752 882 3818 doluere
899 3751 997 3816 nihil.

167 3852 205 3919 Si
221 3867 337 3925 tamen
355 3858 530 3926 exstinctis
548 3859 677 3946 aliquid
694 3859 758 3926 nisi
776 3859 914 3926 nomina
931 3867 1047 3938 restat,
1186 3880 1219 3949 85

211 3963 255 4030 Et
270 3965 411 4055 gracilis
427 3974 571 4030 structos
588 3963 709 4053 effugit
724 3965 846 4032 umbra
862 3987 988 4056 rogos3
