2790 4356
153 291 205 346 IV.
227 291 301 366 856.]
436 281 507 348 Tite
530 279 725 364 Fouadiug
745 278 793 362 of
806 274 928 341 Rome.
1144 291 1209 366 159

151 470 260 536 Fossa
277 473 427 558 repletur
442 475 561 548 humo,
580 473 771 560 plenaeque
788 473 974 560 imponitur
991 494 1064 551 ara,

197 577 240 641 Et
257 600 365 644 novus
382 601 529 644 accenso
546 580 699 667 fungitur
716 581 797 667 igne
815 581 922 645 focus.

152 682 237 748 Inde
254 705 414 769 premens
431 687 551 750 stivam
570 686 730 772 designat
746 687 881 750 moenia
899 688 1015 752 sulco:
1158 706 1207 775 825

196 789 289 855 Alba
303 792 425 880 jugum
443 793 542 858 niveo
559 814 637 856 curn
656 795 742 856 bove
759 813 865 857 vacca
883 794 969 858 tulit.

152 897 231 963 Vox
248 897 310 962 fuit
326 898 413 963 haec
428 899 542 986 regis:
573 897 756 973 Gaudenti,
781 897 966 985 Juppiter‚
986 902 1103 966 urbem

196 1003 247 1068 Et
258 1006 401 1090 genitor
416 1005 564 1069 Mavors
595 1003 761 1090 Vestaque
776 1015 901 1083 mater,
920 1008 1026 1072 ades!

152 1109 318 1196 ,Quosque
327 1113 429 1199 piam
446 1120 494 1175 est
510 1112 674 1175 adhibere
690 1112 782 1187 deos,
801 1114 972 1178 advertite
988 1114 1123 1180 cuncti!

196 1215 406 1303 Auspieidas
421 1218 515 1281 vobis
530 1218 593 1280 hoc
608 1217 696 1280 mz'lri
709 1229 834 1304 surgat
851 1227 947 1307 opus.
1157 1241 1208 1308 830

152 1321 280 1408 Longo
295 1325 341 1387 sit
355 1324 435 1388 huz'c
450 1314 546 1388 aetas
563 1323 789 1411 dominaeque
798 1329 957 1413 potentia
976 1337 1107 1405 terrae,

198 1427 322 1515 Sitque
336 1430 396 1494 sub
413 1430 478 1494 hac
494 1432 608 1494 ori'eus
626 1432 853 1519 occiduusque
871 1436 955 1498 dias.

153 1533 215 1600 Ille
232 1535 456 1620 precabatur:
482 1536 607 1601 tonitru
624 1538 717 1603 dedit
733 1541 847 1604 omina
865 1542 964 1607 laevo

192 1641 362 1729 Juppiter,
381 1654 414 1708 et
430 1643 528 1725 laevo
546 1643 689 1709 fulmina
706 1647 808 1711 missa
826 1649 917 1732 polo.

152 1749 311 1838 Auguria
327 1750 406 1815 laeti
420 1750 551 1837 jaciunt
569 1751 767 1818 fundamina
785 1754 889 1829 cives,
1157 1775 1206 1841 835

198 1858 243 1923 Et
259 1879 367 1922 novus
384 1855 514 1946 exiguo
528 1869 680 1944 tempore
699 1881 814 1926 murus
832 1873 916 1927 erat.

154 1965 232 2032 Hoc
247 1965 353 2032 Celer
367 1977 468 2052 urget
483 1985 582 2051 opus,
601 1987 703 2052 quern
720 1967 891 2033 Romulus
908 1970 981 2054 ipse
998 1981 1149 2046 vocarat,

198 2071 387 2159 ‘Sint’que‚
409 2071 546 2148 ‘Celer,
566 2073 687 2156 curae’
704 2074 837 2138 dixerat
856 2075 940 2140 ‘ista
958 2087 1056 2141 tuae:

152 2180 253 2247 Neve
269 2180 345 2267 quis
362 2190 420 2244 aut
437 2200 563 2254 muros,
582 2190 639 2244 aut
657 2179 781 2244 factam
799 2203 937 2246 vomere
954 2183 1081 2247 fossam

197 2289 381 2363 Transeat,
401 2288 583 2352 audentem
599 2286 681 2351 talia
698 2288 786 2354 dede
803 2289 904 2352 neci!
1158 2308 1210 2373 840

154 2395 257 2484 Quod
274 2397 407 2462 Remus
423 2395 589 2482 ignorans
606 2394 752 2459 humiles
769 2406 986 2460 contemnere
1004 2419 1119 2461 muros

197 2503 333 2590 Coepit,
351 2514 385 2568 et
401 2513 410 2543 ‘
428 2501 493 2566 His
510 2501 657 2586 populus
671 2500 680 2528 ’
696 2501 810 2566 dicere
829 2513 941 2567 ‘tutus
957 2501 1060 2567 erit?'

152 2611 230 2678 Nec
247 2630 355 2686 mora,
373 2609 563 2675 transiluit:
590 2619 682 2672 rutro
700 2605 804 2673 Celer
819 2621 965 2695 occupat
982 2631 1102 2675 ausum
1119 2634 1127 2686 ;

197 2719 259 2784 Ille
276 2717 399 2804 premit
416 2717 537 2781 duram
555 2714 843 2803 sanguinulentus
861 2716 1017 2782 humum.

153 2824 252 2891 Haec
267 2825 326 2890 ubi
345 2845 406 2890 rex
423 2823 552 2898 didicit,
571 2822 733 2888 lacrimas
751 2822 914 2888 introrsus
931 2823 1068 2888 obortas
1161 2844 1210 2910 845

197 2932 360 3008 Devorat‚
378 2943 412 2998 et
427 2931 585 2997 clausum
600 2942 738 3016 pectore
756 2929 878 2995 volnus
895 2931 1019 3005 habet3

150 3040 252 3108 Flere
269 3040 384 3126 palam
400 3061 469 3104 non
486 3039 568 3113 volt,
587 3039 817 3124 exemplaque
834 3037 933 3103 sortia
950 3047 1076 3113 servat,

194 3141 257 3212 ‘Stc
272 3167 338 3234 qne
355 3168 444 3210 meos
460 3166 578 3210 muros
594 3152 752 3209 trauseat
768 3145 874 3209 hostis
892 3144 949 3208 ait.
1057 3165 1059 3170 ·

152 3253 221 3320 Dat
236 3265 353 3318 tamen
368 3253 571 3339 'exsequias3
596 3272 662 3317 nec
674 3251 748 3340 jam
766 3252 976 3337 suspendere
992 3250 1111 3318 fletum

197 3359 361 3436 Sustinet,
380 3370 414 3424 et
429 3360 538 3444 pietas
554 3357 767 3424 dissimulata
785 3370 888 3444 patet.
1158 3377 1209 3443 850

151 3466 350 3554 Osculaque
367 3465 531 3552 adplicuit
546 3466 656 3551 posito
672 3487 834 3550 suprema
850 3466 988 3541 feretra,

196 3573 314 3661 Atque
327 3573 386 3649 ait,
404 3573 521 3638 Invito
530 3575 656 3654 frater
670 3572 841 3659 adempte,
858 3571 960 3636 vale!

149 3663 369 3766 Arsurosque
385 3690 477 3743 artus
493 3679 603 3743 unxit.
652 3678 795 3753 Fecere,
815 3678 908 3765 quod
924 3677 995 3753 ille,

195 3785 379 3851 Faustulus
396 3797 429 3851 et
445 3794 593 3850 maestas
610 3781 706 3850 Acca
723 3785 834 3850 soluta
850 3805 987 3860 comas3

150 3892 245 3958 Tum
257 3891 420 3981 juvenem
437 3891 589 3958 nondum
606 3891 685 3956 sacti
701 3890 828 3956 flevere
845 3889 1017 3976 Quirites3
1156 3912 1205 3977 855

196 3995 328 4063 Ultima
343 3997 474 4082 plorato
492 3995 626 4060 subdita
642 3995 783 4059 flamma
799 4016 884 4084 rogo
902 4005 962 4059 est.
