2790 4356
192 201 245 255 IX.
259 201 335 272 243·]
537 186 573 253 T
566 186 609 251 be
630 185 796 253 Funeral
814 184 904 252 Pr'le.

236 379 328 447 Ecce
345 379 482 446 Lichan
498 383 669 468 trepidum
686 383 875 448 latitantem
891 403 976 469 rupe
993 390 1114 448 cavata

190 489 331 574 aspicit;
357 501 459 576 utque
478 490 574 554 dolor
591 491 721 554 rabiem
740 491 927 578 collegerat
942 511 1093 566 ornnem,

192 594 329 672 ‘Tune,
346 594 483 671 Licha,’
499 593 585 659 dixit
601 594 742 659 ‘feralia
759 597 850 662 dona
867 593 1010 661 dedisti?

189 712 270 767 tune
288 723 384 767 meae
402 701 497 767 necis
514 711 634 766 auctor
650 699 757 765 erisi’
802 700 935 767 Tremit
950 701 1022 778 ille,
1039 709 1210 790 pavetque

191 809 352 896 pallidus,
366 820 404 896 ‚et
419 808 536 874 timide
553 808 659 873 verba
677 807 878 874 excusantia
895 809 988 874 dicit.
1190 838 1240 895 215

191 916 360 982 dicentem
377 915 592 1004 genibusque
612 935 735 980 manus
753 915 917 980 adhibere
934 925 1113 1001 parantem

191 1016 328 1109 corripit
344 1021 498 1098 Alcides,
517 1033 549 1088 et
564 1032 683 1108 terque
701 1032 888 1108 quaterque
905 1033 1051 1087 rotatum

190 1129 289 1195 mittit
304 1129 338 1194 in
356 1129 529 1195 Euboicas
544 1139 712 1195 tormento
729 1127 847 1194 fortius
863 1129 988 1194 undas.

190 1236 248 1301 ille
265 1257 327 1321 per
343 1235 453 1302 aerias
471 1236 625 1322 pendens
642 1234 793 1300 induruit
809 1255 932 1311 auras;
1090 1317 1093 1323 Ι

189 1353 293 1428 utque
311 1343 423 1408 serunt
439 1343 565 1408 imbres
582 1342 706 1430 gelidis
725 1362 946 1408 concrescere
962 1342 1085 1420 ventis,
1190 1373 1242 1412 220

189 1449 269 1514 inde
286 1449 380 1515 nives
398 1449 485 1526 fieri,
503 1449 638 1515 nivibus
655 1470 791 1536 quoque
809 1449 912 1514 molle
929 1450 1046 1540 rotatis

190 1557 346 1646 astringi,
364 1567 397 1622 et
412 1557 524 1642 spissa
540 1556 725 1644 glomerari
742 1555 917 1644 grandine
928 1577 1074 1644 corpus:

189 1665 239 1730 sic
256 1664 351 1728 illum
368 1663 490 1730 validis
507 1675 620 1730 actum
638 1684 699 1749 per
715 1663 818 1728 inane
835 1663 970 1730 lacertis

189 1791 473 1858 exsanguemque
489 1782 581 1835 metu
595 1769 857 1857 necquicquam
871 1771 1024 1837 humoris
1041 1771 1238 1848 habentem,

189 1877 225 1942 in
242 1877 370 1965 rigidos
387 1898 523 1942 versum
540 1875 652 1944 silices
669 1876 762 1965 prior
778 1877 885 1942 edidit
901 1888 1008 1944 aetas.
1189 1909 1239 1966 225

189 2003 282 2047 nunc
298 2004 433 2070 quoque
449 1983 483 2048 in
501 1983 655 2049 Euboico
671 1984 833 2069 scopulus
852 1983 965 2050 brevis
982 1983 1106 2050 emicat
1121 1984 1190 2050 alto

189 2091 338 2178 gurgite,
358 2101 390 2155 et
407 2091 579 2156 humanae
595 2100 709 2156 servat
724 2090 870 2178 vestigia
888 2091 1031 2168 formae,
1148 2177 1152 2186 ‚

188 2217 304 2283 quem,
323 2196 420 2283 quasi
438 2219 632 2274 sensurum,
650 2209 775 2264 nautae
793 2198 928 2264 calcare
944 2209 1116 2276 verentur,

189 2287 432 2390 appellantque
448 2293 599 2370 Lichan.
688 2385 690 2392 ,

625 2409 674 2478 At
688 2421 737 2487 tu,
751 2411 848 2498 Jovis
864 2411 982 2479 inclita
998 2413 1125 2499 proles,

189 2516 367 2584 arboribus
383 2517 506 2595 caesis,
524 2540 610 2606 quas
627 2521 734 2585 ardua
752 2534 907 2608 gesserat
923 2521 1024 2600 Oete,
1186 2553 1240 2610 '230

188 2624 292 2711 inque
308 2644 431 2711 pyram
448 2626 594 2701 structis,
614 2623 731 2691 arcum
750 2629 1015 2716 pharetramque
1031 2651 1197 2718 capacem

188 2753 366 2818 regnaque
381 2732 514 2797 visuras
530 2733 651 2798 iterum
670 2734 824 2824 Trojana
842 2737 984 2825 sagittas

188 2838 276 2903 ferre
289 2837 390 2927 jubes
407 2838 557 2905 Poeante
575 2851 699 2916 satum,
718 2864 786 2929 quo
802 2843 943 2909 flamma
961 2844 1113 2910 ministro

188 2946 344 3020 subdita;
370 2947 519 3034 dumque
537 2948 647 3014 avidis
664 2951 920 3036 comprenditur
936 2951 1073 3038 ignibus
1091 2973 1214 3041 agger,

188 3053 385 3139 congeriem
403 3053 509 3119 silvae
527 3053 705 3123 Nemeaeo
722 3058 849 3123 vellere
867 3079 1037 3122 summam
1187 3090 1237 3147 235

188 3159 322 3235 sternis,
341 3170 374 3224 et
389 3159 547 3246 imposita
565 3164 685 3229 clavae
703 3164 837 3230 cervice
853 3164 1037 3242 recumbis,

106 3299 116 3316 ·
188 3266 282 3331 haud
298 3265 365 3331 alio
381 3268 489 3344 vultu,
508 3292 612 3358 quam
631 3273 659 3338 si
676 3272 822 3338 conviva
834 3271 969 3360 jaceres

187 3372 275 3437 inter
291 3372 394 3459 plena
410 3370 495 3441 me'ri
514 3367 690 3444 redimitus
708 3379 833 3464 pocula
849 3377 958 3444 sertis.

228 3478 376 3567 Jamque
391 3483 512 3550 valens
528 3495 562 3550 et
577 3486 613 3550 in
630 3506 731 3552 omne
748 3485 836 3550 latus
853 3484 978 3550 diffusa
995 3485 1151 3561 sonabat,

188 3603 394 3676 securosque
412 3601 504 3657 artus
521 3602 857 3678 contemptoremque
875 3591 1011 3676 petebat
1187 3621 1239 3676 240

187 3691 327 3760 flamma
344 3720 456 3763 suum.
505 3697 669 3763 Timuere
687 3698 741 3763 dei
759 3719 820 3783 pro
837 3697 972 3762 vindice
989 3708 1120 3763 terrae:

186 3823 273 3890 quos
289 3805 349 3882 ita,
366 3805 474 3871 sensit
490 3804 595 3880 enim,
613 3805 703 3869 laeto
720 3803 902 3870 Saturnius
919 3824 978 3868 ore

181 3911 341 4000 Juppiter
358 3910 552 3999 adloquitur
560 3933 572 4004 ,²
601 3910 751 3978 ‘Nostra
768 3920 820 3975 est
834 3909 935 3975 timor
951 3909 1013 3976 iste
1029 3912 1198 3999 voluptas,
