2752 4350
188 221 229 270 22
286 188 311 200 ’
367 221 407 266 11.
446 198 517 267 The
539 197 745 265 Adventare
767 197 816 283 os
828 196 1022 264 Phaethon.
1093 212 1237 302 [Mem

187 421 249 486 per
260 397 347 487 juga
364 394 564 484 chrysolithi
582 393 781 481 positaeque
797 415 841 458 ex
857 393 977 459 ordine
994 394 1155 481 gemmae

187 507 281 571 clara
297 525 499 591 repercusso
515 501 705 567 reddebant
720 501 850 566 lumina
867 501 1016 586 phoebo.
1189 532 1238 571 110

187 613 338 698 dumque
355 632 396 674 ea
414 609 657 696 magnanimus
673 607 856 700 Phaethon
873 607 1027 684 miratur,
1046 627 1201 694 opusque

187 718 361 805 perspicit,
380 737 461 782 ecce
477 715 561 802 vigil
578 715 677 780 rutilo
694 713 854 800 patefecit
870 703 1006 780 abortu

187 844 377 911 purpureas
394 821 529 887 Aurora
546 821 636 887 fores
653 831 687 886 et
701 821 805 907 plena
821 839 977 884 rosarum

187 930 293 1006 atria3
319 929 502 1016 diffugiunt
518 929 649 1003 stellae,
668 947 812 1013 quarum
829 924 971 1012 agmina
988 924 1081 1014 cogit

186 1038 340 1113 Lucifer,
359 1048 392 1103 et
409 1036 495 1101 caeli
512 1035 656 1101 statione
672 1033 879 1100 novissimus
896 1033 977 1099 exit.
1189 1059 1238 1121 1¹3

233 1144 335 1229 Quae
352 1153 465 1229 petere
482 1154 519 1208 ut
534 1154 652 1217 terras,
670 1140 905 1226 mundumque
922 1141 1103 1206 rubescere
1119 1140 1216 1217 vidit,

187 1271 383 1337 cornuaque
401 1261 575 1314 extremae
592 1248 685 1313 velut
701 1266 907 1312 evanescere
924 1247 1040 1323 lunae,

183 1356 330 1445 jungere
347 1377 453 1443 equos
469 1356 574 1419 Titan
591 1353 767 1419 velocibus
784 1353 930 1438 imperat
948 1352 1064 1420 Horis.

182 1465 280 1554 jussa
296 1465 382 1529 deae
400 1463 529 1531 celeres
546 1471 729 1548 peragunt,
748 1459 934 1547 ignemque
951 1471 1140 1540 vomentes,

187 1570 379 1635 ambrosiae
396 1589 479 1634 suco
496 1580 640 1640 saturos,
660 1567 883 1652 praesepibus
900 1567 977 1632 altis
1187 1599 1238 1642 120

186 1677 427 1764 quadrupedes
443 1675 584 1750 ducunt,
603 1673 800 1759 adduntque
818 1673 974 1739 sonantia
990 1675 1100 1741 frena.

185 1795 256 1848 tum
274 1795 371 1868 pater
386 1777 446 1847 ora
462 1780 514 1846 sui
531 1801 629 1845 sacro
646 1779 873 1845 medicamine
890 1781 960 1845 nati

186 1887 340 1976 contigit,
359 1898 392 1952 et
407 1887 549 1972 rapidae
566 1886 645 1951 fecit
662 1886 824 1971 patientia
840 1886 1014 1964 flammae,

185 1995 412 2081 imposuitque
429 2014 549 2058 comae
564 1993 691 2068 radios,
710 2013 948 2080 praesagaque
964 1995 1075 2061 luctus

185 2111 322 2188 pectore
339 2100 484 2166 sollicito
502 2111 659 2185 repetens
677 2099 823 2186 suspiria
840 2100 947 2165 dixit:
1186 2132 1236 2190 125

231 2207 295 2272 ‘Si
312 2218 409 2293 potes
425 2207 479 2272 his
495 2207 615 2271 saltem
633 2206 768 2271 monitis
786 2227 906 2292 parere
923 2206 1088 2293 paternis,

183 2335 300 2400 parce,
319 2335 417 2400 puer,
436 2313 593 2389 stimulis,
613 2324 646 2378 et
661 2313 779 2378 fortius
796 2324 890 2378 utere
907 2313 1001 2379 loris.
1183 2306 1185 2311 ’

184 2431 305 2506 sponte
321 2440 382 2485 sua
400 2430 584 2505 properant
594 2442 604 2493 ;
629 2420 726 2484 labor
743 2431 793 2485 est
807 2419 964 2485 inhibere
980 2421 1146 2488 volentes.

183 2547 249 2592 nec
264 2526 323 2590 tibi
341 2526 485 2591 directos
502 2526 636 2611 placeat
651 2525 707 2589 via
723 2525 873 2613 quinque
890 2547 952 2612 per
968 2549 1077 2594 arcus.

184 2645 295 2700 sectus
312 2633 346 2696 in
363 2631 539 2718 obliquum
557 2642 608 2697 est
623 2632 692 2696 lato
708 2632 907 2698 curvamine
924 2621 1038 2710 limes,
1185 2665 1236 2721 130

182 2759 416 2826 zonarumque
431 2738 533 2802 trium
551 2748 728 2803 contentus
744 2739 826 2814 fine,
846 2740 1033 2827 polumque

183 2845 304 2934 effugit
321 2846 518 2920 australem,
533 2844 755 2933 junctamque
773 2846 987 2932 aquilonibus
1003 2845 1148 2914 Arcton.
1220 2884 1224 2896 ·

183 2956 249 3020 hac
266 2954 308 3020 sit
323 2953 406 3019 iter:
431 2952 610 3018 manifesta
626 2961 719 3018 rotae
735 2951 881 3040 vestigia
897 2973 1028 3018 cernes.

181 3073 285 3149 utque
302 3061 413 3126 serant
429 3081 556 3148 aequos
573 3070 606 3125 et
622 3059 756 3125 caelum
774 3069 807 3124 et
822 3070 911 3125 terra
928 3060 1073 3135 calores,

182 3190 247 3233 nec
264 3189 395 3261 preme,
413 3188 478 3233 nec
493 3189 666 3234 summum
683 3166 803 3231 molire
819 3186 881 3251 per
898 3166 1037 3232 aethera
1052 3186 1204 3234 currum.

183 3277 282 3342 altius
300 3297 460 3364 egressus
477 3276 637 3342 caelestia
653 3284 741 3340 tecta
758 3272 941 3350 cremabiS,

181 3382 323 3448 inferius
339 3394 467 3448 terras:
492 3381 606 3446 medio
622 3380 809 3446 tutissimus
826 3378 901 3444 ibis.

181 3510 249 3554 neu
265 3501 298 3554 te
314 3488 485 3554 dexterior
501 3498 624 3553 tortum
642 3488 790 3553 declinet
806 3488 850 3552 ad
866 3485 1045 3575 Anguem,

181 3616 268 3660 neve
285 3594 471 3660 sinisterior
487 3614 641 3680 pressam
657 3604 730 3659 rota
747 3593 851 3659 ducat
867 3595 911 3660 ad
926 3592 1058 3660 Aram:

180 3700 268 3764 inter
283 3711 464 3787 utrumque
480 3711 570 3764 tene.
618 3698 791 3765 Fortunae
808 3711 921 3765 cetera
937 3701 1076 3777 mande,
1181 3731 1232 3787 ¹40

135 3871 137 3876 ,
181 3827 270 3893 quae
285 3806 379 3893 juvet
394 3817 427 3871 et
443 3806 565 3871 melius
581 3826 683 3894 quam
701 3817 737 3870 tu
753 3806 825 3882 tibi,
845 3809 1000 3872 consulat
1015 3819 1107 3894 opto.

181 3913 263 3978 dum
280 3912 412 3999 loquor,
432 3910 602 3997 Hesperio
618 3912 745 3997 positas
760 3911 796 3976 in
813 3913 910 3978 litore
927 3924 1035 3979 metas
