2752 4350
161 251 214 307 lv.
241 253 318 326 648]
523 237 595 306 Tae
623 238 733 306 Giant
754 238 870 307 Atlas.
911 204 917 213 ‚
1167 261 1211 330 43

158 429 404 576 VIPEREI
428 434 580 502 referens
597 437 743 523 spolium
761 437 984 502 memorabile
1002 437 1144 504 monstri

262 558 341 605 aera
360 542 538 626 carpebat
537 554 690 608 tenerum
709 544 927 610 stridentibus
945 544 1029 619 alis3

156 667 305 732 cumque
322 667 425 733 super
441 648 593 736 Libycas
610 650 717 714 victor
733 651 898 736 penderet
914 672 1050 728 arenas,

156 751 335 839 Gorgonei
352 755 471 840 capitis
489 767 605 843 guttae
622 756 778 821 cecidere
795 768 970 832 cruentae,

154 879 242 945 quas
259 859 383 924 humus
401 872 562 947 exceptas
578 862 692 928 varios
710 862 873 928 animavit
888 864 923 928 in
941 886 1095 952 anguest

153 966 248 1029 unde
268 965 428 1053 frequens
444 968 504 1033 illa
520 979 571 1034 est
585 968 775 1055 infestaque
792 980 881 1034 terra
899 971 1059 1036 colubris.
1155 989 1207 1044 620

165 1060 196 1102 s
200 1070 287 1138 Inde
304 1094 364 1158 per
380 1073 585 1138 immensum
603 1075 712 1140 ventis
730 1076 944 1141 discordibus
962 1089 1057 1144 actus

153 1180 345 1255 hunchuc,
365 1202 457 1245 nunc
474 1181 568 1258 illuc,
587 1183 748 1268 exemplo
766 1185 865 1249 nubis
883 1206 1033 1270 aquosae

153 1285 273 1360 fertur,
291 1298 324 1351 et
339 1309 383 1352 ex
401 1289 473 1353 alto
485 1290 643 1354 seductas
662 1292 799 1355 aethere
817 1291 921 1377 longe

153 1393 330 1478 despectat
346 1406 466 1469 terras,
484 1406 658 1482 totumque
676 1398 871 1482 supervolat
886 1398 1016 1463 orbem.

152 1510 204 1564 ter
221 1501 355 1586 gelidas
371 1499 508 1577 Arctos,
527 1513 577 1567 ter
593 1501 719 1568 Cancri
738 1505 899 1571 bracchia
916 1504 1020 1570 vidit:
1152 1523 1204 1594 625

153 1627 258 1706 saepe
275 1607 338 1672 sub
355 1629 511 1684 occasus,
530 1630 635 1695 saepe
652 1621 703 1676 est
719 1613 851 1677 ablatus
864 1613 899 1677 in
916 1624 1020 1679 ortus.

149 1712 290 1801 jamque
308 1716 450 1780 cadente
467 1715 536 1792 die,
554 1717 681 1782 veritus
698 1739 735 1783 se
752 1719 892 1784 credere
909 1720 1013 1797 nocti,

152 1820 301 1885 constitit
319 1821 502 1907 Hesperi0‚
521 1825 637 1912 reguis
654 1823 843 1901 Atlantis,
835 1848 868 1894 m
887 1828 989 1902 orbe3

152 1926 385 2044 exiguamque
403 1930 484 2014 petit
500 1931 664 2017 requiem,
684 1933 764 1996 dum
782 1931 946 1998 Lucifer'
938 1955 1037 2020 ignes

151 2015 271 2098 evbcet
287 2032 458 2112 Aurorae,
478 2057 596 2102 currus
612 2036 748 2103 Aurora
766 2039 917 2104 diurnos
1034 2093 1035 2096 ,
1149 2057 1202 2127 630

197 2141 266 2205 Hic
283 2143 459 2207 hominum
477 2155 617 2210 cunctos
634 2145 765 2230 ingenti
782 2166 924 2230 corpore
941 2156 1118 2232 praestans

149 2245 381 2335 Iapetionides
396 2249 496 2316 Atlas
512 2251 584 2315 suit.
634 2251 764 2317 Ultima
781 2253 881 2318 tellus

149 2378 233 2443 rege
250 2357 312 2421 sub
331 2357 396 2421 hoc
413 2369 445 2421 et
462 2370 584 2442 pontus
601 2369 684 2433 erat,
704 2359 761 2445 qui
778 2359 869 2424 Solis
886 2358 1019 2424 anhelis

149 2484 299 2550 aequora
316 2464 429 2528 subdit
442 2464 551 2550 equis,
570 2474 602 2528 et
617 2464 726 2530 sessos
742 2465 870 2550 excipit
886 2487 981 2530 axes·

148 2572 243 2636 mille
260 2555 386 2659 greges
404 2571 465 2645 illi,
484 2571 691 2657 totidemque
709 2585 863 2635 armenta
880 2593 940 2655 per
958 2571 1081 2637 herbas
1146 2588 1197 2658 635

147 2680 328 2752 errabant3
354 2690 387 2742 et
404 2678 545 2741 humum
564 2677 689 2741 vicinia
706 2678 800 2740 nulla
818 2678 1030 2763 premebant.

147 2786 313 2850 arboreae
329 2785 467 2850 frondes
485 2805 568 2850 auro
585 2784 740 2848 radiante
757 2785 917 2859 virentes,

147 2913 191 2957 ex
209 2913 293 2958 auro
309 2913 435 2967 ramos,
455 2914 498 2956 ex
516 2912 599 2956 auro
617 2911 719 2975 poma
736 2890 909 2977 tegebant.
979 2967 983 2974 ,

123 3028 130 3045 1
193 2999 381 3084 ‘Hospes’
400 2976 445 3064 ait
462 2999 609 3064 Perseus
626 2997 688 3072 illi,
709 3009 793 3062 ‘seu
810 2996 920 3084 gloria
937 2995 1047 3084 tangit
1090 3055 1096 3064 r

145 3115 178 3170 te
196 3106 332 3192 generis
350 3106 480 3193 magni,
499 3105 636 3192 generis
653 3105 735 3168 mihi
748 3104 906 3190 Juppiter
922 3116 1039 3169 auctor
1050 3126 1059 3179 ;
1143 3119 1195 3188 640

145 3212 218 3276 sive
235 3233 272 3276 es
289 3212 426 3277 mirator
442 3234 569 3288 rerum,
588 3212 757 3276 mirabere
774 3223 927 3276 nostras:

144 3317 329 3402 hospitium
345 3319 565 3405 requiemque
582 3318 685 3404 peto.’
730 3316 867 3382 Memor
883 3318 940 3383 ille
956 3328 1108 3384 vetustae

144 3424 244 3488 sortis
261 3436 353 3498 erat;
377 3425 521 3490 Themis
538 3427 629 3490 hanc
646 3425 787 3490 dederat
801 3424 968 3490 Parnasia
984 3435 1129 3496 sortem=
1169 3421 1172 3428 ’

146 3530 336 3615 ‘Tempus
355 3523 450 3606 Atla,
470 3533 594 3608 veniet,
613 3542 669 3596 tua
686 3553 755 3618 quo
771 3533 971 3617 spoliabitur
988 3552 1071 3595 auro

143 3639 258 3712 arbor,
278 3650 308 3702 et
325 3640 417 3703 hunc
433 3640 582 3724 praedae
599 3639 731 3703 titulum
745 3639 831 3725 Jove
847 3645 947 3702 natus
965 3636 1126 3703 habebit?

141 3744 178 3810 id
196 3757 362 3821 metuens
382 3746 497 3810 solidis
515 3745 668 3830 pomaria
685 3747 854 3810 clauserat
869 3744 968 3810 Atlas

141 3852 335 3921 moenibus,
354 3863 387 3916 et
402 3862 498 3917 vasto
515 3853 656 3916 dederat
672 3851 1010 3928 servandadraconi‚

143 3957 349 4044 arcebatque
368 3956 438 4022 suis
455 3967 615 4021 externos
632 3955 756 4021 finibus
773 3975 905 4020 omnes.
