2790 4356
189 273 212 329 1.
235 272 347 345 r,116‚]
519 254 693 344 Penelope
715 227 754 320 to
782 252 931 341 Ulysses.
1179 251 1240 340 165

189 450 304 539 Atque
321 450 405 518 alios
422 451 581 527 reseram,
600 473 686 538 quos
702 472 822 516 omnes
838 450 981 536 turpiter
996 450 1121 517 absens

231 557 311 650 Ipse
326 569 383 624 tuo
400 558 505 644 partis
522 558 692 646 sanguine
709 558 811 622 rebus
822 555 914 628 alis?

187 663 262 730 Irus
279 686 386 753 egens
403 664 604 751 pecorisque
620 663 834 728 Melanthius
853 675 947 729 actor
963 663 1089 731 edendi
1207 695 1241 754 95

232 770 382 838 Ultimus
399 772 567 836 accedunt
583 770 617 834 in
635 781 693 834 tua
710 769 839 835 damna
855 771 979 856 pudor.

185 877 275 944 Tres
290 900 408 944 sumus
423 877 568 942 inbelles
584 899 740 954 numero,
759 876 833 943 sine
849 877 979 944 viribus
997 900 1098 957 uxor,

230 984 442 1072 Laertesque
459 1005 579 1060 senex,
597 983 899 1071 Telemachusque
918 1007 1017 1072 puer.

185 1090 248 1157 Ille
265 1113 326 1179 per
341 1091 483 1158 insidias
500 1110 611 1177 paene
628 1102 679 1157 est
696 1091 778 1154 mihi
796 1113 906 1177 nuper
924 1093 1118 1179 ademptae,

231 1199 323 1265 Dum
341 1210 439 1285 parat
453 1198 568 1263 invitis
585 1198 744 1264 omnibus
761 1198 810 1264 ire
827 1198 953 1287 Pylon.
1191 1231 1240 1269 100
1341 1193 1350 1214 '

185 1305 245 1382 Di,
264 1327 397 1392 precor,
416 1307 483 1371 hoc
494 1305 650 1393 jubeant,
668 1317 705 1372 ut
722 1305 880 1371 euntibus
897 1287 1017 1372 ordine
1034 1304 1111 1371 latis

231 1412 293 1478 llle
312 1435 405 1478 meos
422 1414 541 1478 oculos
558 1413 774 1499 comprimat,
794 1413 852 1478 ille
869 1424 957 1479 tuos.

186 1518 279 1586 Hinc
295 1519 424 1585 faciunt
440 1531 622 1606 custosque
639 1520 742 1585 boum
761 1521 1001 1608 longaevaque
1018 1519 1155 1597 nutrix,

230 1627 368 1692 Tertius
384 1626 582 1692 immundae
599 1647 682 1692 cura
699 1627 810 1692 fidelis
828 1628 946 1692 harae.

186 1731 256 1799 Sed
273 1754 384 1819 neque
401 1732 558 1809 La'e'rtes,
577 1733 688 1820 utqui
705 1733 746 1798 sit
763 1733 890 1798 inutilis
908 1733 1025 1810 armis,
1189 1760 1238 1819 105

232 1839 395 1906 Hostibus
412 1840 447 1904 in
466 1839 586 1905 mediis
603 1861 713 1928 regna
730 1850 846 1906 tenere
863 1851 985 1925 potest.

184 1945 397 2012 Telemacho
413 1947 539 2022 veniet,
557 1947 651 2012 vivat
668 1947 783 2021 modo,
804 1947 921 2012 sortior
937 1959 1052 2012 aetas:

230 2051 334 2140 Nunc
350 2064 423 2119 erat
438 2053 576 2118 auxiliis
592 2053 651 2118 illa
668 2054 794 2118 tuenda
812 2053 931 2140 patris.

184 2159 263 2226 Nec
278 2160 363 2226 mihi
380 2172 458 2226 sunt
474 2160 564 2227 vires
581 2159 737 2225 inimicos
755 2161 885 2247 pellere
902 2159 1018 2226 tectis:

144 2269 146 2273 ’
229 2267 286 2331 Tu
302 2267 400 2333 citius
416 2267 549 2342 venias,
567 2279 684 2352 portus
702 2276 734 2331 et
751 2286 835 2331 aura
851 2267 929 2332 tuis.
1189 2299 1238 2338 110

185 2371 247 2440 Est
261 2359 334 2450 tibi,
353 2374 476 2461 sitque,
496 2394 630 2458 precor,
650 2384 789 2460 gnatus,
808 2373 866 2459 qui
883 2373 1042 2440 mollibus
1059 2372 1159 2439 annis

230 2481 271 2545 In
286 2481 414 2567 patrias
432 2491 522 2546 artes
539 2480 748 2545 erudiendus
766 2491 850 2545 erat.

185 2587 338 2673 Respice
353 2577 517 2663 Laerten,
535 2598 571 2652 ut
583 2587 656 2675 jam
674 2605 736 2650 sna
754 2585 884 2651 lumina
902 2586 1045 2664 condas,

230 2693 431 2759 Extremum
449 2694 508 2759 sati
525 2693 668 2758 sustinet
684 2692 741 2757 ille
758 2693 865 2758 diem.
1010 2683 1014 2694 '

185 2799 288 2868 Certe
304 2822 384 2888 ego,
402 2821 491 2889 quae
507 2800 640 2865 sueram
656 2809 690 2885 te
706 2799 906 2866 discedente
923 2800 1053 2885 puella,
1188 2828 1236 2886 115

229 2905 389 2973 Protinus
405 2917 442 2974 ut
455 2906 587 2985 venias,
606 2906 696 2972 sacta
711 2905 854 2973 videbor
869 2925 969 2972 anus.
