<?xml version="1.0" encoding="UTF-8"?>
<!DOCTYPE html PUBLIC "-//W3C//DTD XHTML 1.0 Transitional//EN"
    "http://www.w3.org/TR/xhtml1/DTD/xhtml1-transitional.dtd">
<html xmlns="http://www.w3.org/1999/xhtml" xml:lang="en" lang="en">
 <head>
  <title>
</title>
<meta http-equiv="Content-Type" content="text/html;charset=utf-8" />
  <meta name='ocr-system' content='tesseract 3.04.00' />
  <meta name='ocr-capabilities' content='ocr_page ocr_carea ocr_par ocr_line ocrx_word'/>
</head>
<body>
  <div class='ocr_page' id='page_1' title='image "./poemataquaedame00ovidgoog_0070.png"; bbox 0 0 2752 4350; ppageno 0'>
   <div class='ocr_carea' id='block_1_1' title="bbox 162 233 1214 328">
    <p class='ocr_par' dir='ltr' id='par_1_1' title="bbox 162 233 1214 328">
     <span class='ocr_line' id='line_1_1' title="bbox 162 233 1214 328; baseline -0.008 -18"><span class='ocrx_word' id='word_1_1' title='bbox 162 253 199 310; x_wconf 91' lang='lat' dir='ltr'>v.</span> <span class='ocrx_word' id='word_1_2' title='bbox 219 253 292 327; x_wconf 71' lang='lat'>532]</span> <span class='ocrx_word' id='word_1_3' title='bbox 350 237 421 306; x_wconf 79' lang='lat' dir='ltr'>She</span> <span class='ocrx_word' id='word_1_4' title='bbox 442 239 616 307; x_wconf 77' lang='lat' dir='ltr'><em>discovers</em></span> <span class='ocrx_word' id='word_1_5' title='bbox 638 235 878 327; x_wconf 75' lang='lat' dir='ltr'>Proserptire&#39;s</span> <span class='ocrx_word' id='word_1_6' title='bbox 900 233 1034 303; x_wconf 82' lang='lat' dir='ltr'>Abode.</span> <span class='ocrx_word' id='word_1_7' title='bbox 1113 322 1116 328; x_wconf 28' lang='grc' dir='ltr'>Ι</span> <span class='ocrx_word' id='word_1_8' title='bbox 1172 244 1214 320; x_wconf 83' lang='grc'>55</span> 
     </span>
    </p>
   </div>
   <div class='ocr_carea' id='block_1_2' title="bbox 160 433 1216 1800">
    <p class='ocr_par' dir='ltr' id='par_1_2' title="bbox 160 433 1216 1480">
     <span class='ocr_line' id='line_1_2' title="bbox 163 433 973 524; baseline -0.001 -25"><span class='ocrx_word' id='word_1_9' title='bbox 163 433 317 501; x_wconf 89' lang='lat' dir='ltr'>advehar</span> <span class='ocrx_word' id='word_1_10' title='bbox 332 435 529 524; x_wconf 83' lang='lat' dir='ltr'>Ortygiam,</span> <span class='ocrx_word' id='word_1_11' title='bbox 546 437 662 503; x_wconf 89' lang='lat' dir='ltr'>veniet</span> <span class='ocrx_word' id='word_1_12' title='bbox 677 433 870 501; x_wconf 87' lang='lat' dir='ltr'>narratibus</span> <span class='ocrx_word' id='word_1_13' title='bbox 886 433 973 500; x_wconf 91' lang='lat' dir='ltr'>hora</span> 
     </span>
     <span class='ocr_line' id='line_1_3' title="bbox 161 533 1216 629; baseline 0.003 -24"><span class='ocrx_word' id='word_1_14' title='bbox 161 542 364 628; x_wconf 90' lang='lat' dir='ltr'>tempestiva</span> <span class='ocrx_word' id='word_1_15' title='bbox 381 544 478 618; x_wconf 86' lang='lat' dir='ltr'>meis,</span> <span class='ocrx_word' id='word_1_16' title='bbox 498 565 575 608; x_wconf 89' lang='lat' dir='ltr'>cum</span> <span class='ocrx_word' id='word_1_17' title='bbox 592 554 627 610; x_wconf 90' lang='lat' dir='ltr'>tu</span> <span class='ocrx_word' id='word_1_18' title='bbox 645 563 795 629; x_wconf 90' lang='lat' dir='ltr'>curaque</span> <span class='ocrx_word' id='word_1_19' title='bbox 812 533 938 607; x_wconf 85' lang='lat' dir='ltr'>levata</span> <span class='ocrx_word' id='word_1_20' title='bbox 1164 567 1216 626; x_wconf 81' lang='lat'>500</span> 
     </span>
     <span class='ocr_line' id='line_1_4' title="bbox 162 647 978 734; baseline -0.002 -22"><span class='ocrx_word' id='word_1_21' title='bbox 162 657 197 712; x_wconf 90' lang='lat' dir='ltr'>et</span> <span class='ocrx_word' id='word_1_22' title='bbox 212 648 325 714; x_wconf 90' lang='lat' dir='ltr'>vultus</span> <span class='ocrx_word' id='word_1_23' title='bbox 341 649 490 715; x_wconf 87' lang='lat' dir='ltr'>melioris</span> <span class='ocrx_word' id='word_1_24' title='bbox 508 650 587 715; x_wconf 89' lang='lat' dir='ltr'>eris.</span> <span class='ocrx_word' id='word_1_25' title='bbox 637 649 726 714; x_wconf 91' lang='lat' dir='ltr'>Mihi</span> <span class='ocrx_word' id='word_1_26' title='bbox 743 647 862 734; x_wconf 89' lang='lat' dir='ltr'>pervia</span> <span class='ocrx_word' id='word_1_27' title='bbox 876 647 978 712; x_wconf 86' lang='lat' dir='ltr'>tellus</span> 
     </span>
     <span class='ocr_line' id='line_1_5' title="bbox 161 753 1028 843; baseline 0.001 -27"><span class='ocrx_word' id='word_1_28' title='bbox 161 753 304 839; x_wconf 85' lang='lat' dir='ltr'>praebet</span> <span class='ocrx_word' id='word_1_29' title='bbox 319 755 393 831; x_wconf 89' lang='lat' dir='ltr'>iter,</span> <span class='ocrx_word' id='word_1_30' title='bbox 412 755 698 843; x_wconf 79' lang='lat' dir='ltr'>subterqueimas</span> <span class='ocrx_word' id='word_1_31' title='bbox 715 755 830 821; x_wconf 90' lang='lat' dir='ltr'>ablata</span> <span class='ocrx_word' id='word_1_32' title='bbox 847 772 1028 827; x_wconf 82' lang='lat' dir='ltr'>cavernas,</span> 
     </span>
     <span class='ocr_line' id='line_1_6' title="bbox 162 859 972 949; baseline 0.002 -27"><span class='ocrx_word' id='word_1_33' title='bbox 162 859 221 924; x_wconf 87' lang='lat' dir='ltr'>hic</span> <span class='ocrx_word' id='word_1_34' title='bbox 236 871 339 945; x_wconf 92' lang='lat' dir='ltr'>caput</span> <span class='ocrx_word' id='word_1_35' title='bbox 355 863 483 939; x_wconf 85' lang='lat' dir='ltr'>attollo,</span> <span class='ocrx_word' id='word_1_36' title='bbox 500 863 709 949; x_wconf 88' lang='lat' dir='ltr'><strong>desuetaque</strong></span> <span class='ocrx_word' id='word_1_37' title='bbox 726 862 839 927; x_wconf 90' lang='lat' dir='ltr'>sidera</span> <span class='ocrx_word' id='word_1_38' title='bbox 855 881 972 926; x_wconf 88' lang='lat' dir='ltr'>cerno.</span> 
     </span>
     <span class='ocr_line' id='line_1_7' title="bbox 162 965 962 1056; baseline 0.001 -27"><span class='ocrx_word' id='word_1_39' title='bbox 162 986 247 1053; x_wconf 81' lang='lat' dir='ltr'>ergo</span> <span class='ocrx_word' id='word_1_40' title='bbox 265 966 345 1031; x_wconf 90' lang='lat' dir='ltr'>dum</span> <span class='ocrx_word' id='word_1_41' title='bbox 362 965 486 1056; x_wconf 86' lang='lat' dir='ltr'>Stygio</span> <span class='ocrx_word' id='word_1_42' title='bbox 503 969 566 1034; x_wconf 93' lang='lat' dir='ltr'>sub</span> <span class='ocrx_word' id='word_1_43' title='bbox 582 969 680 1034; x_wconf 88' lang='lat' dir='ltr'>terris</span> <span class='ocrx_word' id='word_1_44' title='bbox 698 965 835 1055; x_wconf 87' lang='lat' dir='ltr'>gurgite</span> <span class='ocrx_word' id='word_1_45' title='bbox 852 967 962 1042; x_wconf 88' lang='lat' dir='ltr'>labor,</span> 
     </span>
     <span class='ocr_line' id='line_1_8' title="bbox 161 1072 1212 1159; baseline 0.006 -23"><span class='ocrx_word' id='word_1_46' title='bbox 161 1072 237 1137; x_wconf 90' lang='lat' dir='ltr'>visa</span> <span class='ocrx_word' id='word_1_47' title='bbox 252 1083 310 1137; x_wconf 87' lang='lat' dir='ltr'>tua</span> <span class='ocrx_word' id='word_1_48' title='bbox 327 1084 378 1139; x_wconf 92' lang='lat' dir='ltr'>est</span> <span class='ocrx_word' id='word_1_49' title='bbox 393 1074 501 1140; x_wconf 91' lang='lat' dir='ltr'>oculis</span> <span class='ocrx_word' id='word_1_50' title='bbox 516 1075 587 1140; x_wconf 90' lang='lat' dir='ltr'>illic</span> <span class='ocrx_word' id='word_1_51' title='bbox 602 1073 810 1159; x_wconf 83' lang='lat' dir='ltr'>Proserpina</span> <span class='ocrx_word' id='word_1_52' title='bbox 826 1074 970 1139; x_wconf 85' lang='lat' dir='ltr'>nostris:</span> <span class='ocrx_word' id='word_1_53' title='bbox 1163 1100 1212 1158; x_wconf 79' lang='lat'>505</span> 
     </span>
     <span class='ocr_line' id='line_1_9' title="bbox 160 1177 1061 1268; baseline 0.006 -27"><span class='ocrx_word' id='word_1_54' title='bbox 160 1177 223 1242; x_wconf 90' lang='lat' dir='ltr'>illa</span> <span class='ocrx_word' id='word_1_55' title='bbox 239 1178 377 1264; x_wconf 88' lang='lat' dir='ltr'>quidem</span> <span class='ocrx_word' id='word_1_56' title='bbox 393 1180 507 1257; x_wconf 89' lang='lat' dir='ltr'>tristis,</span> <span class='ocrx_word' id='word_1_57' title='bbox 526 1201 639 1268; x_wconf 89' lang='lat' dir='ltr'>neque</span> <span class='ocrx_word' id='word_1_58' title='bbox 656 1181 770 1246; x_wconf 89' lang='lat' dir='ltr'>adhuc</span> <span class='ocrx_word' id='word_1_59' title='bbox 786 1179 936 1245; x_wconf 87' lang='lat' dir='ltr'>interrita</span> <span class='ocrx_word' id='word_1_60' title='bbox 952 1179 1061 1257; x_wconf 88' lang='lat' dir='ltr'>vultu,</span> 
     </span>
     <span class='ocr_line' id='line_1_10' title="bbox 162 1277 1022 1372; baseline 0.001 -24"><span class='ocrx_word' id='word_1_61' title='bbox 162 1284 225 1349; x_wconf 88' lang='lat' dir='ltr'>sed</span> <span class='ocrx_word' id='word_1_62' title='bbox 241 1285 361 1372; x_wconf 81' lang='lat' dir='ltr'>regina</span> <span class='ocrx_word' id='word_1_63' title='bbox 378 1296 507 1362; x_wconf 87' lang='lat' dir='ltr'>tamen,</span> <span class='ocrx_word' id='word_1_64' title='bbox 526 1288 587 1353; x_wconf 88' lang='lat' dir='ltr'>sed</span> <span class='ocrx_word' id='word_1_65' title='bbox 603 1287 703 1372; x_wconf 87' lang='lat' dir='ltr'>opaci</span> <span class='ocrx_word' id='word_1_66' title='bbox 721 1277 1022 1362; x_wconf 56' lang='lat' dir='ltr'>maxima&#39;mundi</span> 
     </span>
     <span class='ocr_line' id='line_1_11' title="bbox 162 1391 991 1480; baseline 0 -24"><span class='ocrx_word' id='word_1_67' title='bbox 162 1391 225 1456; x_wconf 88' lang='lat' dir='ltr'>sed</span> <span class='ocrx_word' id='word_1_68' title='bbox 240 1401 356 1456; x_wconf 86' lang='lat' dir='ltr'>tamen</span> <span class='ocrx_word' id='word_1_69' title='bbox 372 1392 496 1458; x_wconf 78' lang='lat' dir='ltr'>inferni</span> <span class='ocrx_word' id='word_1_70' title='bbox 512 1394 646 1479; x_wconf 89' lang='lat' dir='ltr'>pollens</span> <span class='ocrx_word' id='word_1_71' title='bbox 663 1404 817 1459; x_wconf 90' lang='lat' dir='ltr'>matrona</span> <span class='ocrx_word' id='word_1_72' title='bbox 833 1391 991 1480; x_wconf 65' lang='lat' dir='ltr'>tyranni?</span> 
     </span>
    </p>

    <p class='ocr_par' dir='ltr' id='par_1_3' title="bbox 162 1489 1214 1800">
     <span class='ocr_line' id='line_1_12' title="bbox 208 1489 1009 1585; baseline 0.002 -23"><span class='ocrx_word' id='word_1_73' title='bbox 208 1497 323 1563; x_wconf 87' lang='lat' dir='ltr'>Mater</span> <span class='ocrx_word' id='word_1_74' title='bbox 339 1500 383 1564; x_wconf 89' lang='lat' dir='ltr'>ad</span> <span class='ocrx_word' id='word_1_75' title='bbox 400 1489 532 1565; x_wconf 88' lang='lat' dir='ltr'>auditas</span> <span class='ocrx_word' id='word_1_76' title='bbox 550 1500 753 1585; x_wconf 87' lang='lat' dir='ltr'>stupuitceu</span> <span class='ocrx_word' id='word_1_77' title='bbox 770 1521 877 1566; x_wconf 88' lang='lat' dir='ltr'>saxea</span> <span class='ocrx_word' id='word_1_78' title='bbox 892 1519 1009 1575; x_wconf 85' lang='lat' dir='ltr'>voces,</span> 
     </span>
     <span class='ocr_line' id='line_1_13' title="bbox 163 1603 1214 1694; baseline 0.006 -25"><span class='ocrx_word' id='word_1_79' title='bbox 163 1603 391 1691; x_wconf 83' lang='lat' dir='ltr'>attonitaeque</span> <span class='ocrx_word' id='word_1_80' title='bbox 409 1606 467 1670; x_wconf 91' lang='lat' dir='ltr'>diu</span> <span class='ocrx_word' id='word_1_81' title='bbox 484 1605 604 1671; x_wconf 90' lang='lat' dir='ltr'>similis</span> <span class='ocrx_word' id='word_1_82' title='bbox 621 1607 695 1672; x_wconf 87' lang='lat' dir='ltr'>suit.</span> <span class='ocrx_word' id='word_1_83' title='bbox 743 1607 859 1694; x_wconf 89' lang='lat' dir='ltr'>thue</span> <span class='ocrx_word' id='word_1_84' title='bbox 876 1607 993 1672; x_wconf 89' lang='lat' dir='ltr'>dolore</span> <span class='ocrx_word' id='word_1_85' title='bbox 1162 1635 1214 1694; x_wconf 83' lang='lat'>5¹0</span> 
     </span>
     <span class='ocr_line' id='line_1_14' title="bbox 162 1711 1048 1800; baseline 0.003 -26"><span class='ocrx_word' id='word_1_86' title='bbox 162 1711 263 1797; x_wconf 87' lang='lat' dir='ltr'>pulsa</span> <span class='ocrx_word' id='word_1_87' title='bbox 279 1711 378 1799; x_wconf 87' lang='lat' dir='ltr'>gravi</span> <span class='ocrx_word' id='word_1_88' title='bbox 395 1712 510 1800; x_wconf 89' lang='lat' dir='ltr'>gravis</span> <span class='ocrx_word' id='word_1_89' title='bbox 527 1723 577 1778; x_wconf 89' lang='lat' dir='ltr'>est</span> <span class='ocrx_word' id='word_1_90' title='bbox 593 1712 754 1790; x_wconf 89' lang='lat' dir='ltr'>amentia,</span> <span class='ocrx_word' id='word_1_91' title='bbox 773 1714 928 1780; x_wconf 88' lang='lat' dir='ltr'>curribus</span> <span class='ocrx_word' id='word_1_92' title='bbox 945 1732 1048 1778; x_wconf 88' lang='lat' dir='ltr'>auras</span> 
     </span>
    </p>
   </div>
   <div class='ocr_carea' id='block_1_3' title="bbox 164 1818 966 2011">
    <p class='ocr_par' dir='ltr' id='par_1_4' title="bbox 164 1818 966 2011">
     <span class='ocr_line' id='line_1_15' title="bbox 164 1818 895 1886; baseline 0.003 -2"><span class='ocrx_word' id='word_1_93' title='bbox 164 1818 234 1884; x_wconf 88' lang='lat' dir='ltr'>exit</span> <span class='ocrx_word' id='word_1_94' title='bbox 250 1818 285 1882; x_wconf 93' lang='lat' dir='ltr'>in</span> <span class='ocrx_word' id='word_1_95' title='bbox 302 1819 492 1885; x_wconf 78' lang='lat' dir='ltr'>aetherias:</span> <span class='ocrx_word' id='word_1_96' title='bbox 517 1819 564 1884; x_wconf 95' lang='lat' dir='ltr'>ibi</span> <span class='ocrx_word' id='word_1_97' title='bbox 581 1831 648 1886; x_wconf 90' lang='lat' dir='ltr'>toto</span> <span class='ocrx_word' id='word_1_98' title='bbox 665 1821 784 1886; x_wconf 91' lang='lat' dir='ltr'>nubila</span> <span class='ocrx_word' id='word_1_99' title='bbox 799 1821 895 1886; x_wconf 89' lang='lat' dir='ltr'>vultu</span> 
     </span>
     <span class='ocr_line' id='line_1_16' title="bbox 164 1921 966 2011; baseline 0.002 -26"><span class='ocrx_word' id='word_1_100' title='bbox 164 1931 243 1985; x_wconf 89' lang='lat' dir='ltr'>ante</span> <span class='ocrx_word' id='word_1_101' title='bbox 255 1921 376 2007; x_wconf 90' lang='lat' dir='ltr'>Jovem</span> <span class='ocrx_word' id='word_1_102' title='bbox 395 1921 505 2011; x_wconf 89' lang='lat' dir='ltr'>passis</span> <span class='ocrx_word' id='word_1_103' title='bbox 521 1923 610 1987; x_wconf 90' lang='lat' dir='ltr'>stetit</span> <span class='ocrx_word' id='word_1_104' title='bbox 626 1923 795 1990; x_wconf 88' lang='lat' dir='ltr'>invidiosa</span> <span class='ocrx_word' id='word_1_105' title='bbox 811 1923 966 2008; x_wconf 83' lang='lat' dir='ltr'>capillis:</span> 
     </span>
    </p>
   </div>
   <div class='ocr_carea' id='block_1_4' title="bbox 163 2019 1215 4016">
    <p class='ocr_par' dir='ltr' id='par_1_5' title="bbox 165 2019 1097 2117">
     <span class='ocr_line' id='line_1_17' title="bbox 165 2019 1097 2117; baseline 0.001 -26"><span class='ocrx_word' id='word_1_106' title='bbox 165 2025 324 2114; x_wconf 85' lang='lat' dir='ltr'>‘Proque</span> <span class='ocrx_word' id='word_1_107' title='bbox 341 2048 418 2094; x_wconf 88' lang='lat' dir='ltr'>meo</span> <span class='ocrx_word' id='word_1_108' title='bbox 434 2028 513 2093; x_wconf 87' lang='lat' dir='ltr'>veni</span> <span class='ocrx_word' id='word_1_109' title='bbox 529 2030 675 2114; x_wconf 88' lang='lat' dir='ltr'>supplex</span> <span class='ocrx_word' id='word_1_110' title='bbox 691 2030 762 2105; x_wconf 88' lang='lat' dir='ltr'>tibi,</span> <span class='ocrx_word' id='word_1_111' title='bbox 778 2019 960 2117; x_wconf 81' lang='lat' dir='ltr'>Juppiter‚&#39;</span> <span class='ocrx_word' id='word_1_112' title='bbox 976 2028 1097 2114; x_wconf 85' lang='lat' dir='ltr'>inquit,</span> 
     </span>
    </p>

    <p class='ocr_par' dir='ltr' id='par_1_6' title="bbox 165 2133 1213 2224">
     <span class='ocr_line' id='line_1_18' title="bbox 165 2133 1213 2224; baseline 0.005 -25"><span class='ocrx_word' id='word_1_113' title='bbox 165 2134 371 2222; x_wconf 87' lang='lat' dir='ltr'>‘sanguine,</span> <span class='ocrx_word' id='word_1_114' title='bbox 386 2155 515 2222; x_wconf 88' lang='lat' dir='ltr'>proque</span> <span class='ocrx_word' id='word_1_115' title='bbox 532 2146 602 2201; x_wconf 90' lang='lat' dir='ltr'>tuo.</span> <span class='ocrx_word' id='word_1_116' title='bbox 651 2135 689 2202; x_wconf 89' lang='lat' dir='ltr'>Si</span> <span class='ocrx_word' id='word_1_117' title='bbox 707 2137 801 2201; x_wconf 91' lang='lat' dir='ltr'>nulla</span> <span class='ocrx_word' id='word_1_118' title='bbox 818 2147 869 2204; x_wconf 90' lang='lat' dir='ltr'>est</span> <span class='ocrx_word' id='word_1_119' title='bbox 884 2135 995 2224; x_wconf 84' lang='lat' dir='ltr'>gratia</span> <span class='ocrx_word' id='word_1_120' title='bbox 1012 2133 1143 2210; x_wconf 89' lang='lat' dir='ltr'>matris,</span> <span class='ocrx_word' id='word_1_121' title='bbox 1164 2162 1213 2222; x_wconf 78' lang='lat'>5¹5</span> 
     </span>
    </p>

    <p class='ocr_par' dir='ltr' id='par_1_7' title="bbox 164 2242 1114 2327">
     <span class='ocr_line' id='line_1_19' title="bbox 164 2242 1114 2327; baseline -0.003 -20"><span class='ocrx_word' id='word_1_122' title='bbox 164 2251 245 2307; x_wconf 88' lang='lat' dir='ltr'>nata</span> <span class='ocrx_word' id='word_1_123' title='bbox 261 2252 393 2326; x_wconf 89' lang='lat' dir='ltr'>patrem</span> <span class='ocrx_word' id='word_1_124' title='bbox 410 2253 564 2317; x_wconf 84' lang='lat' dir='ltr'>moveat3</span> <span class='ocrx_word' id='word_1_125' title='bbox 588 2264 655 2307; x_wconf 91' lang='lat' dir='ltr'>neu</span> <span class='ocrx_word' id='word_1_126' title='bbox 672 2244 715 2309; x_wconf 91' lang='lat' dir='ltr'>sit</span> <span class='ocrx_word' id='word_1_127' title='bbox 729 2242 789 2308; x_wconf 90' lang='lat' dir='ltr'>tibi</span> <span class='ocrx_word' id='word_1_128' title='bbox 805 2263 902 2318; x_wconf 91' lang='lat' dir='ltr'>cura,</span> <span class='ocrx_word' id='word_1_129' title='bbox 920 2261 1114 2327; x_wconf 88' lang='lat' dir='ltr'>precamur,</span> 
     </span>
    </p>

    <p class='ocr_par' dir='ltr' id='par_1_8' title="bbox 163 2347 927 2435">
     <span class='ocr_line' id='line_1_20' title="bbox 163 2347 927 2435; baseline -0.001 -22"><span class='ocrx_word' id='word_1_130' title='bbox 163 2347 264 2413; x_wconf 88' lang='lat' dir='ltr'>vilior</span> <span class='ocrx_word' id='word_1_131' title='bbox 280 2347 383 2423; x_wconf 90' lang='lat' dir='ltr'>illius,</span> <span class='ocrx_word' id='word_1_132' title='bbox 401 2349 492 2435; x_wconf 92' lang='lat' dir='ltr'>quod</span> <span class='ocrx_word' id='word_1_133' title='bbox 510 2360 624 2417; x_wconf 85' lang='lat' dir='ltr'>nostro</span> <span class='ocrx_word' id='word_1_134' title='bbox 641 2360 692 2415; x_wconf 91' lang='lat' dir='ltr'>est</span> <span class='ocrx_word' id='word_1_135' title='bbox 708 2349 799 2415; x_wconf 86' lang='lat' dir='ltr'>edita</span> <span class='ocrx_word' id='word_1_136' title='bbox 816 2359 927 2435; x_wconf 87' lang='lat' dir='ltr'>partu.</span> 
     </span>
    </p>

    <p class='ocr_par' dir='ltr' id='par_1_9' title="bbox 165 2454 1049 2541">
     <span class='ocr_line' id='line_1_21' title="bbox 165 2454 1049 2541; baseline -0.002 -22"><span class='ocrx_word' id='word_1_137' title='bbox 165 2475 209 2519; x_wconf 89' lang='lat' dir='ltr'>en</span> <span class='ocrx_word' id='word_1_138' title='bbox 226 2454 380 2541; x_wconf 87' lang='lat' dir='ltr'>quaesita</span> <span class='ocrx_word' id='word_1_139' title='bbox 396 2455 454 2520; x_wconf 92' lang='lat' dir='ltr'>diu</span> <span class='ocrx_word' id='word_1_140' title='bbox 470 2457 609 2521; x_wconf 88' lang='lat' dir='ltr'>tandem</span> <span class='ocrx_word' id='word_1_141' title='bbox 627 2456 712 2520; x_wconf 88' lang='lat' dir='ltr'>mihi</span> <span class='ocrx_word' id='word_1_142' title='bbox 728 2467 808 2521; x_wconf 92' lang='lat' dir='ltr'>nata</span> <span class='ocrx_word' id='word_1_143' title='bbox 826 2465 961 2541; x_wconf 88' lang='lat' dir='ltr'>reperta</span> <span class='ocrx_word' id='word_1_144' title='bbox 978 2463 1049 2520; x_wconf 85' lang='lat' dir='ltr'>est:</span> 
     </span>
    </p>

    <p class='ocr_par' dir='ltr' id='par_1_10' title="bbox 165 2560 925 2647">
     <span class='ocr_line' id='line_1_22' title="bbox 165 2560 925 2647; baseline 0 -21"><span class='ocrx_word' id='word_1_145' title='bbox 165 2560 194 2626; x_wconf 88' lang='lat' dir='ltr'>si</span> <span class='ocrx_word' id='word_1_146' title='bbox 211 2560 361 2647; x_wconf 90' lang='lat' dir='ltr'>reperire</span> <span class='ocrx_word' id='word_1_147' title='bbox 376 2581 480 2628; x_wconf 90' lang='lat' dir='ltr'>vocas</span> <span class='ocrx_word' id='word_1_148' title='bbox 498 2562 650 2628; x_wconf 86' lang='lat' dir='ltr'>amittere</span> <span class='ocrx_word' id='word_1_149' title='bbox 667 2563 804 2639; x_wconf 88' lang='lat' dir='ltr'>certius,</span> <span class='ocrx_word' id='word_1_150' title='bbox 823 2574 882 2628; x_wconf 84' lang='lat' dir='ltr'>aut</span> <span class='ocrx_word' id='word_1_151' title='bbox 896 2562 925 2628; x_wconf 90' lang='lat' dir='ltr'>si</span> 
     </span>
    </p>

    <p class='ocr_par' dir='ltr' id='par_1_11' title="bbox 164 2667 1177 2755">
     <span class='ocr_line' id='line_1_23' title="bbox 164 2667 1177 2755; baseline 0 -23"><span class='ocrx_word' id='word_1_152' title='bbox 164 2667 267 2743; x_wconf 88' lang='lat' dir='ltr'>scire,</span> <span class='ocrx_word' id='word_1_153' title='bbox 284 2668 342 2733; x_wconf 92' lang='lat' dir='ltr'>ubi</span> <span class='ocrx_word' id='word_1_154' title='bbox 359 2667 413 2744; x_wconf 91' lang='lat' dir='ltr'>sit,</span> <span class='ocrx_word' id='word_1_155' title='bbox 432 2670 581 2755; x_wconf 89' lang='lat' dir='ltr'>reperire</span> <span class='ocrx_word' id='word_1_156' title='bbox 597 2690 713 2736; x_wconf 89' lang='lat' dir='ltr'>vocas.</span> <span class='ocrx_word' id='word_1_157' title='bbox 764 2668 869 2754; x_wconf 79' lang='lat' dir='ltr'>Quod</span> <span class='ocrx_word' id='word_1_158' title='bbox 885 2678 996 2755; x_wconf 89' lang='lat' dir='ltr'>rapta,</span> <span class='ocrx_word' id='word_1_159' title='bbox 1014 2668 1177 2744; x_wconf 86' lang='lat' dir='ltr'>feremus,</span> 
     </span>
    </p>

    <p class='ocr_par' dir='ltr' id='par_1_12' title="bbox 164 2773 1200 2864">
     <span class='ocr_line' id='line_1_24' title="bbox 164 2773 1200 2864; baseline -0.004 -22"><span class='ocrx_word' id='word_1_160' title='bbox 164 2775 352 2842; x_wconf 88' lang='lat' dir='ltr'>dummodo</span> <span class='ocrx_word' id='word_1_161' title='bbox 368 2775 489 2842; x_wconf 90' lang='lat' dir='ltr'>reddat</span> <span class='ocrx_word' id='word_1_162' title='bbox 505 2797 603 2842; x_wconf 87' lang='lat' dir='ltr'>eam:</span> <span class='ocrx_word' id='word_1_163' title='bbox 629 2797 740 2864; x_wconf 91' lang='lat' dir='ltr'>neque</span> <span class='ocrx_word' id='word_1_164' title='bbox 757 2778 849 2841; x_wconf 90' lang='lat' dir='ltr'>enim</span> <span class='ocrx_word' id='word_1_165' title='bbox 866 2776 1040 2862; x_wconf 89' lang='lat' dir='ltr'>praedone</span> <span class='ocrx_word' id='word_1_166' title='bbox 1058 2773 1200 2840; x_wconf 76' lang='lat' dir='ltr'>marito.</span> 
     </span>
    </p>

    <p class='ocr_par' dir='ltr' id='par_1_13' title="bbox 164 2881 1195 3077">
     <span class='ocr_line' id='line_1_25' title="bbox 164 2881 1189 2971; baseline -0.002 -23"><span class='ocrx_word' id='word_1_167' title='bbox 164 2883 236 2949; x_wconf 87' lang='lat' dir='ltr'>lilia</span> <span class='ocrx_word' id='word_1_168' title='bbox 252 2882 358 2971; x_wconf 85' lang='lat' dir='ltr'>digna</span> <span class='ocrx_word' id='word_1_169' title='bbox 374 2894 433 2949; x_wconf 85' lang='lat' dir='ltr'>tua</span> <span class='ocrx_word' id='word_1_170' title='bbox 450 2893 554 2950; x_wconf 83' lang='lat' dir='ltr'>est-</span> <span class='ocrx_word' id='word_1_171' title='bbox 565 2883 592 2948; x_wconf 92' lang='lat' dir='ltr'>si</span> <span class='ocrx_word' id='word_1_172' title='bbox 605 2884 678 2971; x_wconf 88' lang='lat' dir='ltr'>jam</span> <span class='ocrx_word' id='word_1_173' title='bbox 696 2903 773 2948; x_wconf 90' lang='lat' dir='ltr'>mea</span> <span class='ocrx_word' id='word_1_174' title='bbox 789 2883 860 2947; x_wconf 91' lang='lat' dir='ltr'>filia</span> <span class='ocrx_word' id='word_1_175' title='bbox 875 2903 944 2947; x_wconf 89' lang='lat' dir='ltr'>non</span> <span class='ocrx_word' id='word_1_176' title='bbox 961 2881 1033 2947; x_wconf 88' lang='lat' dir='ltr'>est.&#39;</span> <span class='ocrx_word' id='word_1_177' title='bbox 1180 2959 1189 2966; x_wconf 76' lang='lat'>.</span> 
     </span>
     <span class='ocr_line' id='line_1_26' title="bbox 205 2989 1195 3077; baseline -0.001 -23"><span class='ocrx_word' id='word_1_178' title='bbox 205 2990 364 3077; x_wconf 89' lang='lat' dir='ltr'>Juppiter</span> <span class='ocrx_word' id='word_1_179' title='bbox 379 2991 525 3077; x_wconf 89' lang='lat' dir='ltr'>excepit,</span> <span class='ocrx_word' id='word_1_180' title='bbox 541 2989 751 3058; x_wconf 88' lang='lat' dir='ltr'>‘Commune</span> <span class='ocrx_word' id='word_1_181' title='bbox 768 3001 819 3056; x_wconf 89' lang='lat' dir='ltr'>est</span> <span class='ocrx_word' id='word_1_182' title='bbox 835 2989 962 3077; x_wconf 86' lang='lat' dir='ltr'>pignus</span> <span class='ocrx_word' id='word_1_183' title='bbox 979 3006 1134 3074; x_wconf 86' lang='lat' dir='ltr'>onusque</span> <span class='ocrx_word' id='word_1_184' title='bbox 1180 3017 1195 3070; x_wconf 76' lang='grc' dir='ltr'>Ι;</span> 
     </span>
    </p>

    <p class='ocr_par' dir='ltr' id='par_1_14' title="bbox 164 3095 1022 3174">
     <span class='ocr_line' id='line_1_27' title="bbox 164 3095 1022 3174; baseline -0.003 -12"><span class='ocrx_word' id='word_1_185' title='bbox 164 3107 246 3162; x_wconf 89' lang='lat' dir='ltr'>nata</span> <span class='ocrx_word' id='word_1_186' title='bbox 262 3097 346 3162; x_wconf 90' lang='lat' dir='ltr'>mibi</span> <span class='ocrx_word' id='word_1_187' title='bbox 361 3108 496 3174; x_wconf 81' lang='lat' dir='ltr'>tecum3</span> <span class='ocrx_word' id='word_1_188' title='bbox 521 3098 582 3163; x_wconf 88' lang='lat' dir='ltr'>sed</span> <span class='ocrx_word' id='word_1_189' title='bbox 598 3097 626 3163; x_wconf 88' lang='lat' dir='ltr'>si</span> <span class='ocrx_word' id='word_1_190' title='bbox 644 3097 747 3163; x_wconf 90' lang='lat' dir='ltr'>modo</span> <span class='ocrx_word' id='word_1_191' title='bbox 762 3096 902 3162; x_wconf 90' lang='lat' dir='ltr'>nomina</span> <span class='ocrx_word' id='word_1_192' title='bbox 919 3095 1022 3160; x_wconf 88' lang='lat' dir='ltr'>rebus</span> 
     </span>
    </p>

    <p class='ocr_par' dir='ltr' id='par_1_15' title="bbox 165 3202 1214 3292">
     <span class='ocr_line' id='line_1_28' title="bbox 165 3202 1214 3292; baseline -0.001 -23"><span class='ocrx_word' id='word_1_193' title='bbox 165 3204 293 3269; x_wconf 90' lang='lat' dir='ltr'>addere</span> <span class='ocrx_word' id='word_1_194' title='bbox 308 3225 390 3270; x_wconf 89' lang='lat' dir='ltr'>vera</span> <span class='ocrx_word' id='word_1_195' title='bbox 407 3205 532 3290; x_wconf 89' lang='lat' dir='ltr'>placet,</span> <span class='ocrx_word' id='word_1_196' title='bbox 550 3227 620 3270; x_wconf 91' lang='lat' dir='ltr'>non</span> <span class='ocrx_word' id='word_1_197' title='bbox 637 3206 704 3271; x_wconf 91' lang='lat' dir='ltr'>hoc</span> <span class='ocrx_word' id='word_1_198' title='bbox 720 3203 843 3292; x_wconf 86' lang='lat' dir='ltr'>injuria</span> <span class='ocrx_word' id='word_1_199' title='bbox 861 3202 1002 3277; x_wconf 86' lang='lat' dir='ltr'>sactum,</span> <span class='ocrx_word' id='word_1_200' title='bbox 1164 3228 1214 3288; x_wconf 80' lang='lat'>525</span> 
     </span>
    </p>

    <p class='ocr_par' dir='ltr' id='par_1_16' title="bbox 163 3306 1195 3398">
     <span class='ocr_line' id='line_1_29' title="bbox 163 3306 1195 3398; baseline -0.006 -22"><span class='ocrx_word' id='word_1_201' title='bbox 163 3331 285 3376; x_wconf 89' lang='lat' dir='ltr'>verum</span> <span class='ocrx_word' id='word_1_202' title='bbox 302 3331 399 3375; x_wconf 90' lang='lat' dir='ltr'>amor</span> <span class='ocrx_word' id='word_1_203' title='bbox 415 3322 478 3377; x_wconf 88' lang='lat' dir='ltr'>est.</span> <span class='ocrx_word' id='word_1_204' title='bbox 525 3311 649 3398; x_wconf 90' lang='lat' dir='ltr'>Neque</span> <span class='ocrx_word' id='word_1_205' title='bbox 665 3312 728 3377; x_wconf 89' lang='lat' dir='ltr'>erit</span> <span class='ocrx_word' id='word_1_206' title='bbox 744 3310 843 3376; x_wconf 88' lang='lat' dir='ltr'>nobis</span> <span class='ocrx_word' id='word_1_207' title='bbox 860 3329 968 3397; x_wconf 89' lang='lat' dir='ltr'>gener</span> <span class='ocrx_word' id='word_1_208' title='bbox 983 3308 1041 3374; x_wconf 91' lang='lat' dir='ltr'>ille</span> <span class='ocrx_word' id='word_1_209' title='bbox 1057 3306 1195 3392; x_wconf 65' lang='lat' dir='ltr'>pudoris</span> 
     </span>
    </p>

    <p class='ocr_par' dir='ltr' id='par_1_17' title="bbox 163 3416 1181 3501">
     <span class='ocr_line' id='line_1_30' title="bbox 163 3416 1181 3501; baseline -0.006 -19"><span class='ocrx_word' id='word_1_210' title='bbox 163 3425 201 3482; x_wconf 87' lang='lat' dir='ltr'>tu</span> <span class='ocrx_word' id='word_1_211' title='bbox 218 3417 333 3492; x_wconf 85' lang='lat' dir='ltr'>modu,</span> <span class='ocrx_word' id='word_1_212' title='bbox 350 3416 443 3493; x_wconf 86' lang='lat' dir='ltr'>diva,</span> <span class='ocrx_word' id='word_1_213' title='bbox 459 3416 560 3483; x_wconf 86' lang='lat' dir='ltr'>velis.</span> <span class='ocrx_word' id='word_1_214' title='bbox 608 3417 656 3483; x_wconf 92' lang='lat' dir='ltr'>Ut</span> <span class='ocrx_word' id='word_1_215' title='bbox 672 3417 783 3483; x_wconf 90' lang='lat' dir='ltr'>desint</span> <span class='ocrx_word' id='word_1_216' title='bbox 799 3427 927 3491; x_wconf 88' lang='lat' dir='ltr'>cetera,</span> <span class='ocrx_word' id='word_1_217' title='bbox 944 3425 1110 3501; x_wconf 90' lang='lat' dir='ltr'>quantum</span> <span class='ocrx_word' id='word_1_218' title='bbox 1128 3421 1181 3477; x_wconf 90' lang='lat' dir='ltr'>est</span> 
     </span>
    </p>

    <p class='ocr_par' dir='ltr' id='par_1_18' title="bbox 164 3520 1123 3610">
     <span class='ocr_line' id='line_1_31' title="bbox 164 3520 1123 3610; baseline -0.005 -22"><span class='ocrx_word' id='word_1_219' title='bbox 164 3542 241 3588; x_wconf 89' lang='lat' dir='ltr'>esse</span> <span class='ocrx_word' id='word_1_220' title='bbox 252 3522 349 3610; x_wconf 89' lang='lat' dir='ltr'>Jovis</span> <span class='ocrx_word' id='word_1_221' title='bbox 365 3523 504 3589; x_wconf 80' lang='lat' dir='ltr'>fratrem</span> <span class='ocrx_word' id='word_1_222' title='bbox 518 3521 526 3588; x_wconf 86' lang='lat' dir='ltr'>l</span> <span class='ocrx_word' id='word_1_223' title='bbox 553 3520 649 3608; x_wconf 76' lang='lat' dir='ltr'>Quid</span> <span class='ocrx_word' id='word_1_224' title='bbox 665 3524 757 3610; x_wconf 92' lang='lat' dir='ltr'>quod</span> <span class='ocrx_word' id='word_1_225' title='bbox 774 3544 839 3589; x_wconf 89' lang='lat' dir='ltr'>nec</span> <span class='ocrx_word' id='word_1_226' title='bbox 856 3532 970 3589; x_wconf 88' lang='lat' dir='ltr'>cetera</span> <span class='ocrx_word' id='word_1_227' title='bbox 988 3520 1123 3596; x_wconf 88' lang='lat' dir='ltr'>desunt,</span> 
     </span>
    </p>

    <p class='ocr_par' dir='ltr' id='par_1_19' title="bbox 164 3627 1006 3712">
     <span class='ocr_line' id='line_1_32' title="bbox 164 3627 1006 3712; baseline -0.001 -18"><span class='ocrx_word' id='word_1_228' title='bbox 164 3649 231 3695; x_wconf 90' lang='lat' dir='ltr'>nec</span> <span class='ocrx_word' id='word_1_229' title='bbox 246 3629 336 3695; x_wconf 90' lang='lat' dir='ltr'>cedit</span> <span class='ocrx_word' id='word_1_230' title='bbox 351 3629 416 3695; x_wconf 89' lang='lat' dir='ltr'>nisi</span> <span class='ocrx_word' id='word_1_231' title='bbox 433 3641 521 3696; x_wconf 84' lang='lat' dir='ltr'>sorte</span> <span class='ocrx_word' id='word_1_232' title='bbox 538 3629 621 3695; x_wconf 85' lang='lat' dir='ltr'>mibi</span> <span class='ocrx_word' id='word_1_233' title='bbox 638 3631 653 3698; x_wconf 79' lang='lat' dir='ltr'>i</span> <span class='ocrx_word' id='word_1_234' title='bbox 683 3628 753 3695; x_wconf 89' lang='lat' dir='ltr'>Sed</span> <span class='ocrx_word' id='word_1_235' title='bbox 770 3639 863 3694; x_wconf 90' lang='lat' dir='ltr'>tanta</span> <span class='ocrx_word' id='word_1_236' title='bbox 880 3627 1006 3712; x_wconf 90' lang='lat' dir='ltr'>cupido</span> 
     </span>
    </p>

    <p class='ocr_par' dir='ltr' id='par_1_20' title="bbox 165 3734 1215 3824">
     <span class='ocr_line' id='line_1_33' title="bbox 165 3734 1215 3824; baseline 0 -23"><span class='ocrx_word' id='word_1_237' title='bbox 165 3736 194 3801; x_wconf 87' lang='lat' dir='ltr'>si</span> <span class='ocrx_word' id='word_1_238' title='bbox 206 3735 269 3824; x_wconf 75' lang='lat' dir='ltr'>tibi</span> <span class='ocrx_word' id='word_1_239' title='bbox 286 3735 419 3802; x_wconf 87' lang='lat' dir='ltr'>discidii</span> <span class='ocrx_word' id='word_1_240' title='bbox 436 3746 498 3812; x_wconf 89' lang='lat' dir='ltr'>est,</span> <span class='ocrx_word' id='word_1_241' title='bbox 517 3746 646 3821; x_wconf 89' lang='lat' dir='ltr'>repetet</span> <span class='ocrx_word' id='word_1_242' title='bbox 662 3735 867 3820; x_wconf 86' lang='lat' dir='ltr'>Proserpina</span> <span class='ocrx_word' id='word_1_243' title='bbox 885 3734 1034 3810; x_wconf 88' lang='lat' dir='ltr'>caelum,</span> <span class='ocrx_word' id='word_1_244' title='bbox 1164 3761 1215 3818; x_wconf 83' lang='lat'>530</span> 
     </span>
    </p>

    <p class='ocr_par' dir='ltr' id='par_1_21' title="bbox 164 3832 920 3930">
     <span class='ocr_line' id='line_1_34' title="bbox 164 3832 920 3930; baseline -0.005 -22"><span class='ocrx_word' id='word_1_245' title='bbox 164 3843 245 3930; x_wconf 86' lang='lat' dir='ltr'>lege</span> <span class='ocrx_word' id='word_1_246' title='bbox 260 3852 375 3912; x_wconf 86' lang='lat' dir='ltr'>tamen</span> <span class='ocrx_word' id='word_1_247' title='bbox 393 3852 499 3918; x_wconf 88' lang='lat' dir='ltr'>certa,</span> <span class='ocrx_word' id='word_1_248' title='bbox 517 3842 545 3907; x_wconf 92' lang='lat' dir='ltr'>si</span> <span class='ocrx_word' id='word_1_249' title='bbox 562 3832 674 3908; x_wconf 86' lang='lat' dir='ltr'>nullos</span> <span class='ocrx_word' id='word_1_250' title='bbox 692 3841 833 3928; x_wconf 86' lang='lat' dir='ltr'>contigit</span> <span class='ocrx_word' id='word_1_251' title='bbox 849 3839 920 3905; x_wconf 90' lang='lat' dir='ltr'>illic</span> 
     </span>
    </p>

    <p class='ocr_par' dir='ltr' id='par_1_22' title="bbox 164 3943 1133 4016">
     <span class='ocr_line' id='line_1_35' title="bbox 164 3943 1133 4016; baseline -0.008 0"><span class='ocrx_word' id='word_1_252' title='bbox 164 3968 224 4016; x_wconf 90' lang='lat' dir='ltr'>ore</span> <span class='ocrx_word' id='word_1_253' title='bbox 241 3947 356 4015; x_wconf 76' lang='lat' dir='ltr'>cibosr</span> <span class='ocrx_word' id='word_1_254' title='bbox 380 3968 460 4015; x_wconf 88' lang='lat' dir='ltr'>nam</span> <span class='ocrx_word' id='word_1_255' title='bbox 478 3947 528 4014; x_wconf 87' lang='lat' dir='ltr'>sic</span> <span class='ocrx_word' id='word_1_256' title='bbox 543 3947 731 4014; x_wconf 89' lang='lat' dir='ltr'>Parcarum</span> <span class='ocrx_word' id='word_1_257' title='bbox 748 3946 886 4013; x_wconf 85' lang='lat' dir='ltr'>foedere</span> <span class='ocrx_word' id='word_1_258' title='bbox 903 3955 1041 4012; x_wconf 88' lang='lat' dir='ltr'>cautum</span> <span class='ocrx_word' id='word_1_259' title='bbox 1058 3943 1133 4009; x_wconf 88' lang='lat' dir='ltr'>est.&#39;</span> 
     </span>
    </p>
   </div>
   <div class='ocr_carea' id='block_1_5' title="bbox 0 0 1382 4350">
    <p class='ocr_par' dir='ltr' id='par_1_23' title="bbox 0 0 1382 4350">
     <span class='ocr_line' id='line_1_36' title="bbox 0 0 1382 4350; baseline 0 0"><span class='ocrx_word' id='word_1_260' title='bbox 0 0 1382 4350; x_wconf 95' lang='lat' dir='ltr'> </span> 
     </span>
    </p>
   </div>
  </div>
 </body>
</html>
