2790 4356
154 282 233 354 XV.
249 281 323 352 207.]
475 259 510 326 T
504 261 546 329 le
574 259 765 346 Changirrg
784 255 945 324 Seasons.
1153 274 1214 343 141

168 460 312 547 parcite,
329 457 507 533 vaticinor,
526 467 692 543 cognatas
710 455 817 522 caede
833 453 984 520 nefanda
1091 517 1100 536 ,

168 568 350 634 exturbare
367 564 513 639 animas,
532 584 597 632 nec
614 562 784 650 sanguine
800 561 944 650 sanguis
960 554 1082 626 alatur.
1170 587 1217 644 175

156 741 158 746 ,
215 685 224 715 ‘
240 673 284 739 Et
298 671 461 759 quoniam
479 691 607 759 magno
623 670 714 738 seror
730 690 892 757 aequore,
910 670 1081 754 plenaque
1096 665 1207 732 ventis

167 781 246 845 vela
262 779 362 856 dedi:
386 777 484 843 Nihil
501 789 565 853 est,
585 787 654 844 toto
670 776 761 866 quod
778 787 904 862 perstet
919 777 955 839 in
971 776 1066 840 orbe.

168 897 291 953 cuncta
307 885 428 961 fluunt,
446 883 627 970 omnisque
642 903 777 970 vagans
793 883 958 948 formatur
973 881 1104 970 imago.

168 993 243 1080 ipsa
260 1013 395 1079 quoque
412 991 550 1060 assiduo
566 991 727 1060 labuntur
743 1000 897 1074 tempora
915 1000 1021 1066 motu,

168 1121 237 1165 non
254 1107 353 1164 secus
369 1118 411 1164 ac
426 1097 568 1164 flumen.
617 1095 741 1183 Neque
757 1095 849 1160 enirn
872 1096 1058 1161 consistere
1073 1094 1217 1170 flumen,
1330 1113 1335 1123 ·

167 1227 233 1272 nec
248 1205 334 1270 levis
350 1205 435 1273 hora
452 1215 581 1289 potest3
609 1205 671 1270 sed
687 1216 725 1286 ut
739 1203 834 1268 unda
848 1202 1035 1288 impellitur
1049 1203 1156 1278 unda,

167 1325 400 1400 urgueturque
417 1310 539 1378 eadem
556 1310 699 1378 veniens
714 1321 907 1397 urguetque
922 1308 1070 1395 priorem
1084 1344 1129 1358 --

167 1431 321 1504 tempora
338 1419 388 1482 sic
404 1417 540 1505 fugiunt
556 1417 695 1503 pariter,
714 1417 909 1503 pariterque
925 1407 1126 1503 sequuntur,

168 1539 202 1592 et
217 1546 305 1590 nova
322 1535 401 1590 sunt
416 1545 572 1610 semper;
592 1545 672 1590 nam
689 1523 781 1610 quod
798 1521 1135 1597 salamantinam
1153 1532 1216 1598 est,

135 1691 140 1701 .
167 1633 285 1719 fitque,
299 1631 391 1718 quod
404 1631 498 1696 haud
511 1631 633 1706 fuerat,
649 1642 890 1717 momentaque
903 1641 1026 1695 cuncta
1039 1640 1218 1695 novantur.

215 1737 362 1804 ‘Cernis
379 1748 413 1804 et
428 1758 588 1804 emensas
604 1739 640 1802 in
656 1737 769 1806 lucem
786 1739 925 1804 tendere
941 1739 1072 1812 noctes,

167 1857 202 1912 et
213 1845 316 1934 jubar
332 1846 398 1910 hoc
415 1844 559 1912 nitidum
576 1845 698 1932 nigrae
714 1844 900 1910 succedere
916 1843 1027 1919 nocti;

167 1972 233 2019 nec
250 1952 343 2018 color
359 1962 410 2020 est
425 1951 517 2018 idem
535 1953 646 2026 caelo,
665 1972 743 2018 eum
760 1951 851 2016 lassa
868 1950 981 2037 quiete

168 2070 291 2128 cuncta
304 2059 421 2148 jacent
437 2058 564 2133 media,
584 2079 731 2144 cumque
749 2059 828 2124 albo
843 2057 986 2122 Lucifer
1001 2056 1073 2122 exit

168 2167 282 2233 clarus
299 2188 388 2253 equo
398 2189 408 2240 ;
433 2187 619 2252 rursusque
637 2165 738 2240 alius,
756 2186 835 2232 cum
853 2164 992 2250 praevia
1009 2163 1095 2230 lucis
1172 2195 1220 2250 ¹90

167 2273 373 2340 tradendum
389 2271 531 2340 Phoebo
548 2271 738 2339 Pallantias
754 2270 861 2338 inficit
876 2271 1007 2339 orbem..

168 2381 243 2467 ipse
259 2380 315 2446 dei
332 2380 462 2466 clipeus
479 2390 569 2450 terra
586 2400 665 2448 cum
681 2378 809 2446 tollitur
823 2378 895 2443 ima

169 2506 272 2551 mane
288 2486 398 2564 rubet,
415 2495 574 2572 terraque
590 2485 688 2554 rubet
704 2505 782 2554 curn
800 2482 957 2549 conditur
973 2482 1063 2558 ima;

170 2593 338 2660 candidus
354 2593 389 2657 in
406 2613 541 2660 summo
558 2603 620 2668 est,
640 2591 761 2660 melior
777 2601 898 2658 natura
915 2591 1006 2677 quod
1023 2590 1095 2656 illic

171 2700 318 2766 aetheris
335 2712 396 2775 est,
415 2711 594 2786 terraeque
611 2698 731 2784 procul
747 2697 909 2785 contagia
925 2697 1025 2785 sugit.
1173 2725 1223 2786 193

170 2833 236 2882 nec
252 2833 315 2898 par
329 2821 390 2878 aut
405 2809 526 2880 eadem
543 2820 732 2876 nocturnae
750 2807 859 2872 sorma
877 2806 1012 2874 Dianae

171 2940 247 2985 esse
264 2930 374 3004 potest
389 2938 576 3004 umquam3
601 2936 806 3001 semperque
823 2913 988 2978 hodierna
1006 2922 1183 3000 sequente,

171 3025 200 3098 si
216 3026 350 3101 crescit,
369 3024 480 3092 minor
495 3035 559 3100 est,
577 3023 700 3112 major,
719 3022 748 3088 si
765 3021 933 3088 contrahit
949 3020 1079 3085 orbem.

219 3144 228 3174 ⁶
246 3131 363 3216 Quid?
386 3155 455 3200 non
471 3132 506 3200 in
524 3133 656 3218 species
673 3132 859 3198 succedere
875 3141 1033 3218 quattuor
1049 3149 1177 3195 annum

172 3240 312 3326 aspicis,
333 3239 452 3308 aetatis
469 3251 692 3326 peragentem
709 3238 899 3304 imitamina
916 3237 1074 3304 nostrae?
1172 3270 1224 3310 roo

171 3366 254 3410 nam
270 3357 367 3414 tener
382 3355 416 3414 et
431 3346 561 3414 lactens
578 3345 743 3432 puerique
759 3346 953 3416 simillimus
970 3367 1055 3412 aevo

171 3450 266 3518 Vere
282 3475 372 3520 novo
388 3463 459 3528 est;
483 3462 565 3520 tunc
581 3452 688 3521 herba
705 3473 825 3520 recens
842 3465 875 3518 et
890 3453 1021 3519 roboris
1038 3451 1162 3538 expers

171 3569 299 3652 turget,
318 3570 351 3624 et
366 3559 513 3630 insolida
529 3570 592 3634 est,
611 3570 644 3625 et
659 3580 721 3646 spe
737 3559 883 3625 delectat
898 3571 1064 3646 agrestes.

173 3666 290 3732 omnia
305 3676 387 3756 tunc
401 3665 536 3741 florent,
553 3664 743 3752 florumque
761 3665 931 3732 coloribus
948 3666 1060 3730 almus
1078 3706 1128 3750 s

173 3773 260 3838 ludit
276 3793 372 3860 eger,
391 3792 502 3858 neque
519 3772 634 3840 adhuc
649 3772 754 3838 virtus
770 3771 806 3836 in
822 3771 1000 3836 frondibus
1015 3772 1086 3836 ulla
1103 3771 1166 3842 est.

173 3879 295 3944 transit
309 3879 345 3943 in
362 3877 540 3948 Aestatem
556 3889 635 3964 post
649 3899 710 3946 ver
726 3877 895 3944 robustior
911 3897 1021 3944 annus
1180 3869 1182 3876 ’

174 3985 278 4076 fitque
294 3985 415 4052 valens
426 3984 583 4082 juvenior
609 4005 721 4072 neque
737 3983 828 4052 enim
845 3984 1014 4082 robustior
1029 3994 1124 4052 aetas
