2790 4356
177 218 241 286 106
469 220 539 286 The
561 219 680 286 Death
705 221 752 306 of
771 219 942 309 Orpheus.
1053 228 1055 233 ’
1081 236 1223 309 [Marna.

174 426 279 490 arcet,
297 427 330 482 et
346 416 380 481 in
397 416 547 501 lapidem
564 417 669 482 rictus
686 417 853 502 serpentis
870 425 1006 501 apertos

173 525 346 610 congelat,
364 535 397 587 et
413 522 559 607 patulos,
578 534 614 586 ut
630 535 738 597 erant,
758 523 895 588 indurat
912 522 1036 587 hiatus.
1190 541 1225 596 60

218 628 351 695 Umbra
368 629 457 694 subit
472 639 592 704 terras,
611 639 645 693 et
660 650 748 715 quae
766 629 841 693 loca
857 628 989 693 viderat
1006 640 1098 706 ante,

173 749 296 801 cuncta
313 735 547 822 recognoscit3
572 755 809 822 quaerensque
825 756 886 820 per
903 755 985 800 arva
1003 736 1138 822 piorum

173 843 301 906 invenit
318 840 528 927 Eurydicen,
547 841 748 928 cupidisque
766 821 981 926 amplectitur
997 843 1101 908 ulnis.

174 950 230 1013 hic
247 949 348 1013 modo
365 947 554 1036 conjunctis
570 947 759 1033 spatiantur
776 948 934 1032 passibus
951 951 1067 1025 ambo,

173 1075 265 1118 nunc
282 1056 542 1140 praecedentem
561 1053 725 1139 sequitur,
744 1074 836 1117 nunc
854 1055 1015 1141 praevius
1032 1055 1147 1134 anteit,
1189 1073 1222 1144 65

173 1160 439 1248 Eurydicenque
456 1181 553 1225 suam
567 1159 640 1248 jam
657 1170 727 1224 tuto
744 1161 884 1246 respicit
901 1160 1073 1247 Orpheus.

218 1266 300 1332 Non
316 1267 456 1353 impune
472 1278 587 1332 tamen
604 1266 715 1330 scelus
733 1267 799 1332 hoc
815 1268 895 1334 sinit
911 1290 986 1334 esse
1003 1269 1165 1357 Lyaeus:

174 1377 368 1462 amissoque
384 1375 504 1440 dolens
521 1395 695 1439 sacrorum
712 1386 790 1439 vate
813 1397 965 1452 suorum,

174 1482 326 1569 protinus
343 1482 377 1546 in
394 1482 487 1546 silvis
504 1492 628 1545 matres
646 1479 821 1546 Edonidas
838 1503 969 1559 omnes,

173 1613 262 1678 quae
279 1591 394 1656 videre
411 1589 521 1664 nefas,
539 1602 625 1656 torta
642 1591 757 1656 radice
776 1592 908 1679 ligavit.
1191 1622 1224 1676 70

173 1699 301 1785 quippe
318 1697 443 1782 pedum
459 1696 599 1784 digitos,
618 1697 652 1760 in
670 1708 835 1784 quantum
853 1719 1010 1786 quaeque
1027 1709 1143 1764 secuta
1160 1710 1222 1775 est,

173 1806 288 1880 traxit,
307 1816 340 1869 et
356 1804 390 1868 in
408 1803 553 1868 solidam
571 1804 712 1869 detrusit
729 1805 886 1870 acumine
904 1817 1050 1881 terram3
1226 1797 1228 1804 Α

173 1924 278 1999 utque
294 1932 394 1976 suum
411 1911 556 1997 laqueis,
575 1933 661 1997 quos
678 1912 823 1976 callidus
841 1911 972 1976 abdidit
988 1933 1128 1998 auceps,

175 2041 253 2085 crus
269 2018 327 2084 ubi
345 2017 514 2082 commisit
529 2018 690 2094 volucris,
710 2018 882 2105 sensitque
900 2019 1021 2094 teneri,

175 2126 363 2214 plangitur,
382 2145 423 2190 ac
438 2125 614 2211 trepidans
632 2124 789 2212 astringit
804 2125 941 2190 vincula
959 2138 1073 2192 motu:
1191 2155 1224 2213 73

176 2234 237 2309 sic,
256 2245 293 2298 ut
309 2254 466 2319 quaeque
484 2232 557 2298 solo
574 2233 688 2297 defixa
705 2233 905 2298 cohaeserat
923 2233 1058 2310 harum,

176 2353 370 2407 exsternata
387 2340 506 2427 sugam
524 2339 649 2404 frustra
665 2340 872 2424 temptabat;
899 2339 1044 2406 atillam

175 2449 267 2514 lenta
284 2457 376 2512 tenet
392 2445 503 2520 radix,
523 2446 819 2532 exsultantemque
836 2449 984 2512 coercet.

176 2557 327 2642 dumque
339 2553 397 2619 ubi
411 2553 477 2618 sint
493 2552 604 2640 digiti,
618 2551 700 2615 dum
715 2573 776 2637 pes
789 2551 860 2627 ubi,
875 2553 1017 2650 quaerit,
1032 2563 1065 2620 et
1075 2575 1224 2643 ungues,

177 2663 298 2750 aspicit
315 2662 348 2726 in
365 2672 488 2726 teretes
504 2660 639 2747 lignum
657 2657 842 2724 succedere
860 2680 978 2735 suras;
1193 2680 1228 2733 80

177 2784 211 2837 et
227 2782 349 2836 conata
365 2769 476 2834 femur
495 2765 658 2832 maerenti
676 2765 842 2852 plangere
860 2765 992 2842 dextra,

177 2881 300 2947 robora
317 2877 496 2966 percussit.
546 2863 671 2940 Pectus
687 2893 823 2960 quoque
840 2873 962 2938 robora
978 2875 1083 2950 fiunt3

178 2990 300 3053 robora
317 2997 395 3052 sunt
412 2984 566 3062 humeri;
593 2991 817 3068 porrectaque
834 2980 997 3045 bracchia
1013 3003 1112 3048 veros

178 3116 253 3162 esse
271 3105 369 3182 putes
385 3115 512 3170 ramos,
531 3103 564 3159 et
580 3112 649 3156 non
666 3088 787 3155 fallare
805 3087 970 3174 putando.
