2752 4350
148 259 270 333 1V.95.]
332 246 495 334 Meetz'ng
513 246 677 333 assigned
697 253 736 311 at
757 243 886 312 Nz'nus'
917 244 1033 310 Tomb.
1157 261 1201 331 39

149 464 195 509 ex
211 464 321 530 aequo
337 444 445 531 captis
463 444 629 509 ardebant
645 442 815 508 mentibus
831 443 954 508 ambo:

149 550 314 620 conscius,
324 551 435 617 omnis
453 551 568 625 abest3
593 561 676 614 nutu
695 549 873 636 signisque
889 550 1087 637 loquuntur.
1143 569 1149 582 ·

185 655 345 750 ,Quoque
362 657 474 744 magis
491 657 629 744 tegitur,
647 666 755 721 tectus
772 655 884 742 magis
901 666 1033 721 aestuat
1048 656 1153 744 ignis.

149 762 252 826 fissus
268 771 340 826 erat
356 761 448 826 tenui
464 760 564 836 rima,
582 780 686 847 quam
704 760 848 824 duxerat
864 760 945 825 olim
1165 777 1200 847 63

149 889 230 934 cum
246 867 354 942 fieret,
373 867 485 952 paries
502 867 618 931 domui
636 866 828 931 communis
845 866 990 954 utrique.

149 974 187 1040 id
202 972 321 1038 vitium
337 973 422 1038 nulli
439 994 500 1058 per
516 972 655 1038 saecula
671 974 776 1059 longa
793 983 1001 1037 notatum—

149 1080 234 1168 quid
251 1101 319 1145 non
336 1080 436 1145 sentit
452 1078 571 1145 amor?
583 1078 738 1163 -primi
754 1078 897 1154 vidistis,
917 1090 1086 1159 amantes,

149 1198 184 1252 et
200 1186 294 1252 vocis
310 1186 438 1252 fecistis
454 1186 536 1261 iter3
560 1196 719 1272 tutaeque
736 1207 797 1271 per
813 1186 898 1251 illud

149 1315 326 1359 murmure
342 1292 528 1358 blanditiae
544 1292 686 1357 minimo
702 1292 846 1358 transire
863 1293 1030 1359 solebant.
1168 1324 1202 1378 70

77 1405 81 1413 '
150 1421 269 1487 saepe,
287 1400 346 1465 ubi
363 1399 595 1475 constiterant,
614 1398 695 1463 hinc
712 1397 856 1475 Thisbe,
876 1398 1045 1486 Pyramus
1062 1398 1169 1474 illinc,

149 1506 255 1593 inque
271 1505 364 1572 vices
381 1506 491 1571 suerat
508 1517 663 1591 captatus
680 1506 851 1570 anhelitus
867 1505 948 1580 orie,

153 1613 315 1678 ‘Invide’
331 1613 492 1679 dicebant
509 1625 518 1654 ‘
533 1613 658 1699 paries,
677 1613 759 1700 quid
778 1614 971 1678 amantibus
987 1610 1125 1679 obstas?

150 1731 316 1807 quantum
334 1732 419 1797 erat,
436 1732 474 1785 ut
490 1720 619 1786 sineres
636 1731 703 1786 toto
721 1741 783 1784 nos
801 1741 942 1805 corpore
955 1720 1070 1808 jungi,

152 1838 211 1891 aut
227 1827 292 1892 hoc
308 1827 336 1892 si
353 1827 510 1903 nimium,
527 1827 583 1892 vel
600 1827 645 1892 ad
660 1827 779 1892 oscula
796 1827 910 1892 danda
927 1824 1083 1911 pateresi
1169 1856 1202 1914 75

151 1956 217 2000 nec
233 1955 351 2000 sumus
367 1934 513 2026 ingrati;
537 1933 597 1999 tibi
615 1955 677 2000 nos
694 1933 819 1998 debere
836 1934 994 2010 fatemur,

150 2042 244 2129 quod
261 2041 358 2106 datus
375 2052 427 2106 est
441 2040 554 2106 verbis
572 2041 616 2105 ad
633 2041 763 2105 amicas
780 2039 940 2106 transitus
958 2041 1082 2106 aures.'

148 2149 232 2214 talia
249 2148 384 2214 diversa
401 2147 610 2235 nequiquam
627 2148 709 2212 sede
726 2146 841 2223 locuti,

151 2255 215 2321 sub
232 2265 365 2320 noctem
382 2254 500 2320 dixere
516 2255 607 2328 vale,
625 2253 779 2346 partique
796 2254 922 2320 dedere

150 2363 269 2428 oscula
286 2363 429 2451 quisque
447 2385 529 2429 suae
546 2369 615 2429 non
633 2364 866 2450 pervenientia
884 2376 1014 2430 contra.
1169 2383 1204 2436 80

196 2469 337 2536 Postera
354 2483 537 2538 nocturnos
554 2493 677 2538 aurora
695 2483 886 2537 removerat
902 2473 1013 2559 ignes,

150 2579 270 2667 solque
287 2578 466 2664 pruinosas
483 2579 586 2645 radiis
604 2580 792 2646 siccaverat
808 2581 953 2646 herbas:

151 2688 196 2753 ad
212 2687 348 2753 solitum
365 2693 476 2754 coiere
492 2689 618 2754 locum.
667 2688 760 2753 Tum
778 2709 951 2752 murmure
968 2709 1075 2773 parvo

149 2795 258 2860 multa
274 2796 368 2882 prius
384 2796 506 2883 questi,
526 2806 677 2860 statuunt
691 2807 728 2861 ut
743 2807 842 2861 nocte
859 2794 970 2860 silenti

149 2905 270 2970 fallere
287 2906 444 2970 custodes
461 2904 657 2990 foribusque
674 2903 842 2968 excedere
859 2911 1036 2986 temptent,
1167 2919 1201 2989 ες
1302 2983 1305 2988 ¹

150 3031 298 3098 cumque
315 3011 417 3075 domo
433 3009 590 3085 exierint,
609 3009 702 3075 urbis
718 3029 853 3095 quoque
868 3018 957 3073 tecta
973 3005 1189 3093 relinquant3

149 3138 238 3182 neve
255 3117 297 3182 sit
312 3117 495 3182 errandum
512 3117 581 3182 lato
598 3115 822 3201 spatiantibus
840 3135 934 3189 arvo,

150 3223 357 3290 conveniant
372 3224 417 3289 ad
432 3224 531 3289 busta
548 3221 646 3299 Nini,
664 3224 858 3308 lateantque
875 3221 938 3287 sub
955 3218 1077 3286 umbra

151 3330 304 3397 arborisz
329 3330 429 3396 arbor
444 3328 491 3396 ibi
507 3329 616 3395 niveis
632 3329 804 3395 uberrima
821 3328 932 3414 pomis

150 3437 260 3503 ardua
277 3457 391 3503 morus
408 3446 493 3512 erat,
511 3436 628 3524 gelido
645 3435 856 3501 contermina
872 3434 969 3499 sonti.
1165 3467 1201 3522 90

196 3542 304 3609 Pacta
320 3544 477 3628 placent;
502 3553 535 3608 et
550 3542 624 3618 lux,
641 3542 738 3606 tarde
754 3541 930 3607 discedere
946 3539 1033 3615 visa,

150 3649 393 3740 praecipitatur
409 3649 519 3736 aquis
538 3659 571 3714 et
586 3649 683 3736 aquis
700 3670 769 3713 nox
786 3647 895 3735 surgit
911 3646 955 3711 ab
970 3645 1092 3711 isdem.
1187 3705 1193 3714 ,

151 3757 279 3824 callida
293 3778 355 3843 per
370 3757 528 3822 tenebras
544 3766 679 3821 versato
695 3755 835 3819 cardine
851 3752 984 3818 Thisbe

150 3862 327 3953 egreditur
342 3863 495 3951 fallitque
512 3884 606 3939 suos,
623 3862 855 3947 adopertaque
870 3858 1003 3924 vultum

151 3969 308 4058 pervenit
324 3969 368 4037 ad
383 3969 565 4047 tumulum,
583 3968 743 4055 dictaque
759 3967 822 4032 sub
840 3967 960 4032 arbore
976 3963 1074 4032 sedit.
1165 3992 1201 4051 95
