2790 4356
149 247 328 322 2111‚353.]
464 229 567 320 Song
586 229 634 315 of
646 225 890 321 Polyphemus.
1138 250 1200 317 133

150 429 280 495 arbutei
297 429 405 494 setus:
429 427 541 495 omnis
556 428 616 494 tibi
633 427 758 494 serviet
773 429 889 494 arbos.
1150 445 1202 500 820

196 538 301 604 ‘Hoc
325 555 431 623 pecus
455 557 556 602 omne
579 557 693 602 meum
710 547 782 602 est:
807 536 934 602 multae
951 555 1087 624 quoque
1103 537 1201 603 valli-

284 644 348 709 bus
365 654 491 720 errant,

149 752 274 816 multas
290 751 376 816 silva
393 749 493 837 tegit,
512 750 639 814 multae
656 748 870 814 stabulantur
885 748 920 813 in
938 749 1064 826 antris3

148 878 226 932 nec,
245 845 273 923 si
290 856 374 922 sorte
391 875 507 942 roges,
525 856 654 941 possim
670 855 730 919 tibi
748 855 862 920 dicere
879 867 961 942 quot
977 856 1064 922 sint:

148 961 310 1050 pauperis
326 973 376 1027 est
391 981 573 1027 numerare
589 979 707 1047 pecus.
757 960 811 1026 De
828 961 988 1028 laudibus
1005 963 1127 1028 harum

148 1070 196 1135 nil
214 1068 297 1133 mihi
314 1067 519 1134 credideris:
545 1085 709 1153 praesens
725 1078 822 1152 potes
838 1067 913 1153 ipsa
927 1069 1060 1146 videre,
1148 1090 1198 1158 825

148 1186 185 1240 ut
200 1175 259 1240 vix
276 1173 686 1240 circumeantdistentum
704 1173 860 1240 cruribus
877 1176 973 1240 uber.

149 1293 240 1358 sunt,
258 1282 366 1347 fetura
384 1280 507 1357 minor,
524 1280 648 1366 tepidis
664 1279 700 1343 in
716 1279 862 1347 ovilibus
879 1281 983 1370 agni3

149 1399 227 1455 sunt
242 1409 391 1476 quoque,
410 1407 472 1474 par
489 1398 596 1461 aetas,
615 1386 690 1451 aliis
707 1386 742 1450 in
759 1387 905 1454 ovilibus
923 1387 1039 1454 haedi.

147 1496 202 1561 lac
219 1495 303 1560 mihi
320 1515 456 1580 semper
472 1494 568 1559 adest
584 1492 745 1556 niveumr
771 1513 850 1579 pars
867 1494 946 1560 inde
963 1495 1123 1560 bibenda·

148 1612 315 1678 servatur,
334 1612 464 1687 partem
483 1598 666 1686 liquefacta
683 1601 831 1687 coagula
848 1603 982 1667 durant
1147 1619 1199 1685 830

194 1707 297 1773 ‘Nec
312 1707 371 1772 tibi
388 1706 532 1772 deliciae
549 1705 680 1780 faciles,
699 1708 907 1795 vulgataque
923 1718 1053 1773 tantum

148 1834 292 1880 munera
310 1813 520 1900 contingent,
538 1812 713 1888 dammae,
731 1813 946 1902 leporesque,
966 1833 1150 1902 caperque,

147 1943 253 2008 parve
271 1921 519 1995 columbarum,
536 1920 738 2004 demptusve
756 1922 935 1986 cacumine
952 1922 1065 1987 nidus.

146 2027 263 2093 inveni
280 2027 449 2115 geminos,
467 2026 525 2113 qui
543 2036 655 2091 tecum
673 2027 792 2093 ludere
809 2027 954 2114 possint,

147 2133 235 2199 inter
249 2154 287 2200 se
303 2133 444 2209 similes,
463 2133 522 2198 vix
538 2142 575 2197 ut
590 2133 794 2221 dignoscere
811 2134 935 2222 possis,
1147 2154 1198 2222 835

146 2240 289 2306 villosae
306 2240 436 2305 catulos
453 2239 487 2304 iu
504 2239 646 2306 summis
664 2241 834 2306 montibus
851 2262 973 2319 ursae3

146 2345 277 2423 inveni,
295 2357 328 2412 et
344 2347 415 2412 dixi
431 2345 608 2411 Dominae
622 2348 835 2412 servabimus
851 2349 944 2413 ratos.

142 2452 216 2542 jam
234 2453 336 2518 modo
353 2454 512 2518 caeruleo
528 2453 672 2518 nitidum
689 2465 792 2540 caput
807 2475 931 2520 exsere
948 2466 1064 2541 ponto,

143 2559 231 2650 jam,
250 2558 408 2636 Galatea,
426 2559 518 2635 veni,
538 2580 602 2625 nec
618 2581 761 2626 munera
778 2561 916 2646 despice
934 2573 1062 2631 nostra.

194 2664 321 2732 ‘Certe
338 2687 404 2754 ego
422 2687 476 2732 me
493 2666 585 2742 novi,
601 2667 819 2754 liquidaeque
836 2667 871 2733 in
887 2668 1041 2757 imagine
1057 2669 1127 2736 vidi
1148 2687 1201 2754 840

147 2795 258 2860 nuper
275 2793 402 2861 aquae:
418 2773 613 2861 placuitque
631 2773 713 2839 mihi
731 2795 809 2839 mea
824 2775 934 2840 forma
951 2775 1092 2841 videnti.

148 2880 279 2967 aspice,
297 2881 361 2946 sim
377 2893 547 2968 quantus:
572 2901 642 2947 non
658 2891 709 2946 est
725 2881 791 2946 hoc
808 2902 950 2967 corpore
967 2881 1077 2969 major

142 2987 302 3074 Juppiter
316 2987 351 3052 in
369 2988 466 3053 caelo
477 3021 523 3036 -
535 3009 616 3054 narn
632 3009 694 3054 vos
711 3008 850 3053 narrare
866 2988 982 3054 soletis

147 3095 383 3180 nescioquem
400 3113 546 3183 regnare
559 3094 694 3180 Jovem.
745 3092 855 3160 Coma
872 3095 1019 3181 plurima
1036 3105 1149 3161 torvos

146 3199 318 3286 prominet
333 3199 367 3266 in
383 3201 509 3275 vultus,
528 3202 771 3290 humerosque,
789 3212 826 3266 ut
842 3202 951 3278 lucus,
970 3203 1163 3268 obumbrat.

148 3327 215 3371 nec
231 3306 313 3371 mihi
330 3307 421 3394 quod
437 3306 556 3394 rigidis
574 3309 712 3374 horrent
728 3308 931 3376 densissima
949 3309 1050 3375 saetis

149 3433 306 3497 corpora,
324 3424 422 3499 turpe
439 3425 532 3498 puta.
580 3414 709 3501 Turpis
725 3415 799 3482 sine
817 3415 994 3482 frondibus
1012 3416 1134 3491 arbor;

147 3518 258 3604 turpis
273 3539 394 3606 equus,
412 3520 477 3586 nisi
493 3520 582 3586 colla
596 3520 700 3608 jubae
717 3521 877 3588 flaventia
896 3523 1011 3587 velent
1021 3543 1031 3597 ;

149 3624 257 3690 barba
273 3625 364 3692 viros
381 3626 557 3713 hirtaeque
573 3626 697 3692 decent
712 3628 747 3692 in
765 3649 907 3714 corpore
925 3639 1052 3694 saetae.
1149 3646 1203 3715 850

149 3754 257 3798 unum
274 3732 375 3797 estin
392 3732 506 3798 media
521 3734 638 3799 lumen
655 3734 738 3798 mihi
756 3734 878 3810 fronte,
897 3736 958 3800 sed
974 3735 1082 3801 instar

150 3838 299 3927 ingentis
315 3839 429 3925 clipei.
478 3837 597 3923 Qld?
621 3861 690 3906 non
708 3841 926 3906 haecomnia
944 3863 1073 3932 magno

151 3945 203 4012 sol
219 3944 311 4012 videt
325 3967 345 4012 e
361 3945 480 4012 caelo?
504 3946 567 4014 soli
582 3958 699 4013 tamen
713 3946 835 4014 unicus
851 3947 955 4014 orbis.
