2790 4356
187 249 250 298 122
392 229 559 315 'Rabalry
584 229 632 312 (ψ
643 223 743 312 Ajax
766 223 840 288 and
868 221 1016 308 Ulysses.
1091 235 1234 307 [Marna.

185 453 265 496 nam
283 428 367 494 mihi
385 427 528 493 Laertes
546 436 642 512 pater
659 434 721 500 est,
740 419 904 487 Arcesius
921 417 983 494 illi,

179 537 338 624 Juppiter
367 535 468 609 huic;
505 554 616 620 neque
645 531 680 596 in
709 530 761 594 his
789 529 968 626 quisquam
996 524 1178 589 damnatus
1204 531 1237 586 et

320 642 431 708 exsul.
720 693 723 696 .
1187 656 1235 713 145

185 760 235 815 est
250 771 388 837 quoque
406 771 468 834 per
485 757 629 812 matrem
647 742 827 832 Cyllenius
845 741 960 826 addita
977 737 1075 804 nobis

184 859 290 923 altera
303 857 486 921 nobilitas:
512 857 597 920 deus
614 864 665 918 est
681 853 715 916 in
732 863 875 938 utroque
892 858 1045 935 parente.

231 963 328 1028 ‘Sed
344 985 456 1050 neque
473 973 628 1026 materno
645 959 736 1047 quod
754 980 830 1024 sum
848 953 1047 1044 generosior
1063 959 1151 1028 ortu,

184 1092 248 1135 nec
265 1070 348 1134 mihi
364 1069 457 1157 quod
473 1080 569 1155 pater
587 1079 638 1132 est
654 1065 791 1130 fraterni
810 1061 988 1149 sanguinis
1005 1060 1137 1134 insonS,

184 1177 355 1262 proposita
373 1197 468 1240 arma
485 1187 585 1262 peto:
612 1173 739 1238 meritis
756 1169 939 1254 expendite
956 1186 1110 1232 causam.
1187 1191 1237 1250 150

185 1285 370 1349 dummodo
386 1284 478 1369 quod
496 1283 616 1347 fratres
632 1281 803 1344 Telamon
821 1275 1013 1360 Peleusque
1030 1272 1175 1338 suerunt¹

184 1389 303 1478 Ajacis
321 1390 479 1454 meritum
496 1411 564 1453 non
583 1389 636 1463 sit,
655 1408 720 1452 nec
737 1382 917 1472 sanguinis
934 1381 1041 1457 ord0,

185 1497 245 1562 sed
263 1497 393 1562 virtutis
410 1497 521 1561 honor
537 1495 654 1581 spoliis
671 1503 855 1581 quaeratur
871 1489 906 1554 in
923 1488 1008 1554 istis.

185 1614 243 1667 aut
255 1603 335 1668 -si
353 1602 554 1688 proximitas
571 1601 770 1687 primusque
787 1596 968 1685 requiritur
984 1595 1139 1661 heres-

185 1720 236 1775 est
251 1709 386 1797 genitor
402 1708 539 1784 PeleuS,
558 1719 610 1773 est
626 1707 780 1794 Pyrrhus
797 1706 887 1770 filius
904 1704 964 1768 illi.
1188 1727 1235 1788 155

184 1817 260 1903 quis
277 1818 372 1881 locus
388 1813 511 1905 Ajaci?
536 1813 697 1880 Phthiam
715 1815 802 1878 haec
819 1812 998 1899 Scyronve
1014 1811 1179 1877 ferantur.

185 1943 250 1988 nec
266 1923 378 1988 minus
395 1933 446 1986 est
461 1922 525 1986 isto
541 1921 679 1986 Teucer
695 1919 858 2006 patruelis
876 1917 1027 1983 Achilli:

75 2018 76 2021 ¹
185 2052 267 2094 num
284 2030 366 2115 petit
382 2029 439 2094 ille
456 2027 591 2094 tamen?
607 2049 699 2105 num,
710 2029 738 2093 si
749 2037 854 2113 petat,
874 2025 1005 2090 auferat
1021 2023 1102 2089 illa?

185 2157 269 2224 ergo
285 2157 427 2221 operum
445 2135 605 2223 quoniam
624 2135 754 2200 nudum
773 2144 946 2198 certamen
965 2133 1122 2206 habetur,

185 2245 283 2328 plura
300 2243 438 2330 quidem
456 2242 519 2306 feci
536 2263 639 2328 quam
656 2261 745 2326 quae
762 2240 1009 2325 comprendere
1027 2237 1125 2303 dictis
1188 2252 1238 2307 160

185 2351 221 2414 in
237 2362 395 2435 promptu
413 2349 495 2412 mihi
514 2350 575 2421 sit;
602 2369 715 2411 rerum
733 2358 847 2410 tamen
865 2347 984 2412 ordine
1002 2347 1121 2410 ducar.

234 2454 418 2520 ‘Praescia
435 2455 568 2520 venturi
586 2453 734 2542 genitrix
751 2453 879 2518 Nereia
898 2454 956 2518 leti

186 2562 376 2626 dissimulat
393 2561 484 2626 cultu
503 2572 641 2625 natum:
667 2563 850 2645 deceperat
866 2582 1000 2638 omneS,

185 2668 358 2753 inquibus
375 2666 535 2756 Ajacem,
554 2671 710 2752 sumptae
727 2668 864 2732 fallacia
883 2669 995 2732 vestis.

185 2796 282 2840 arma
299 2797 365 2862 ego
383 2774 553 2851 femineis,
572 2773 725 2838 animum
745 2785 876 2838 motura
894 2774 1040 2850 virilem,
1188 2789 1237 2858 165

187 2882 356 2947 mercibus
374 2880 513 2946 inserui.
564 2880 688 2968 Neque
706 2883 820 2946 adhuc
838 2882 1029 2970 projecerat
1046 2881 1147 2946 heros

185 2989 358 3075 virgineos
376 2987 523 3061 habitus,
543 3009 621 3052 cum
638 3010 794 3072 parmam
812 2989 1015 3073 hastamque
1032 2985 1159 3053 tenenti

185 3094 283 3160 Nate
303 3095 367 3158 dea
387 3094 495 3180 (dixi)
516 3095 582 3158 tibi
595 3116 630 3157 se
640 3096 809 3180 peritura
826 3102 1008 3158 reservant

185 3200 375 3286 Pergama.
424 3199 526 3284 Quid
540 3202 677 3266 dubitas
695 3204 867 3289 mgentem
884 3212 1039 3268 evertere
1061 3201 1097 3268 T
1091 3203 1203 3289 rojam
1218 3197 1239 3266 ‚9

184 3306 353 3393 injecique
371 3327 523 3381 manum,
543 3308 733 3395 fortemque
753 3310 796 3374 ad
813 3309 911 3374 fortia
929 3309 1019 3374 misi.
1189 3337 1239 3390 170

185 3435 269 3500 ergo
286 3432 391 3497 opera
408 3412 498 3478 illius
517 3437 593 3478 mea
611 3426 698 3479 sunt.
746 3415 824 3503 Ego
840 3416 1022 3502 Telephon
1040 3417 1138 3483 hasla

185 3530 397 3606 pugnantem
415 3521 552 3597 domui3
579 3522 705 3586 victum
722 3534 944 3609 orantemque
962 3521 1078 3587 refeci.

185 3626 276 3708 quod
286 3625 431 3692 Thebae
447 3627 614 3718 cecidere,
631 3649 746 3691 meum
760 3639 822 3692 est.
869 3627 929 3692 Me
943 3628 1070 3692 credite
1084 3626 1236 3704 Lesbon,

80 3731 83 3738 '
186 3750 240 3791 me
256 3731 438 3808 Tenedon,
458 3731 699 3818 Chrysenque,
718 3744 751 3797 et
767 3733 894 3810 Cillan,
914 3734 1087 3819 Apollinis
1105 3735 1220 3809 urbes,

185 3843 218 3896 et
235 3832 371 3921 Scyron
389 3836 534 3921 cepisse.
585 3836 667 3902 Mea
685 3859 852 3904 concussa
870 3851 985 3925 putate
1189 3867 1238 3926 17⁵

187 3939 409 4022 procubuisse
426 3942 498 4008 solo
515 3940 686 4029 Lyrnesia
703 3945 838 4008 moenia
855 3945 987 4011 dextra.
