2752 4350
116 213 141 267 t.
168 211 244 284 283]
404 190 605 278 Gatkerae‘ng
624 193 672 278 (ff
684 191 741 257 the
767 189 911 257 Waters.
1126 208 1166 275 13

114 390 197 456 talia
212 399 428 478 quaerentes,
446 383 510 455 sibi
528 387 618 454 enim
636 365 713 453 sore
725 398 839 453 cetera
856 408 972 462 curae,
1115 415 1167 472 ²50

115 519 178 563 rex
194 517 356 582 superum
372 495 544 580 trepidare
560 505 663 569 vetat,
682 495 905 581 subolemque
922 492 1027 580 priori

115 603 316 670 dissimilem
334 602 461 688 populo
478 601 641 686 promittit
656 600 791 688 origine
808 600 909 664 mira.
1005 631 1041 668 κ

156 710 304 797 Jamque
320 708 443 778 eratin
459 718 545 774 totas
561 727 743 793 sparsurus
759 707 904 772 fulmina
919 717 1049 773 terras:

115 817 182 883 sed
194 816 316 892 timuit,
335 836 379 880 ne
395 815 480 880 forte
496 834 595 879 sacer
611 823 659 878 tot
674 813 718 879 ab
733 812 873 900 ignibus
891 815 1010 878 aether

116 911 312 1008 conciperet
327 921 497 996 flammas,
515 920 709 1008 longusque
727 919 921 986 ardesceret
937 907 1025 985 airis.

114 1051 192 1096 esse
208 1046 343 1116 quoque
359 1028 395 1092 in
408 1017 489 1092 ¹fatis
506 1025 748 1100 reminiscitur,
766 1027 884 1092 adfore
900 1038 1048 1112 tempus,

114 1158 184 1224 quo
201 1155 308 1211 mare,
326 1134 523 1222 quotenus,
543 1143 767 1219 correptaque
784 1133 882 1220 regia
899 1134 986 1200 caeli

114 1244 247 1317 ardeat,
265 1253 299 1307 et
315 1240 433 1306 mundi
450 1239 557 1305 moles
574 1260 719 1325 operosa
736 1240 879 1305 laboret.

113 1348 183 1414 tela
200 1357 410 1434 reponuntur
425 1345 584 1411 manibus
601 1345 766 1410 fabricata
782 1346 991 1434 Cyclopum.

160 1454 278 1520 Poena
295 1454 409 1540 placet
425 1452 574 1527 diversa,
592 1473 703 1539 genus
721 1455 863 1519 mortale
880 1455 944 1519 sub
961 1453 1061 1520 undis
1113 1471 1166 1524 260

113 1562 273 1648 perdere,
291 1571 384 1625 etex
400 1559 493 1626 omni
509 1559 644 1626 nimbos
660 1561 836 1626 demittere
853 1562 963 1627 caelo.

113 1668 269 1754 protinus
285 1665 417 1732 Aeoliis
434 1666 630 1753 aquilonem
646 1668 774 1732 claudit
791 1668 824 1732 in
843 1667 962 1744 antris,

114 1787 149 1840 et
163 1794 403 1860 quaecumque
419 1773 542 1862 sugant
557 1772 715 1839 inductas
730 1773 871 1839 flamina
887 1775 1009 1850 nubeS‚

114 1881 302 1968 emittitque
319 1879 462 1945 Notum.
512 1880 665 1946 Madidis
681 1880 793 1946 Notus
809 1882 922 1947 evolat
939 1881 1014 1959 alis,

113 1987 300 2054 terribilem
318 1980 416 2072 picea
431 1997 539 2052 tectus
556 1987 706 2074 caligine
722 1988 874 2053 vultum:

113 2095 224 2162 barba
240 2093 356 2182 gravis
372 2093 510 2169 nimbis,
529 2093 625 2158 canis
641 2093 713 2158 fluit
730 2095 822 2160 unda
839 2094 985 2180 capillis,

113 2201 232 2266 sronte.
242 2200 362 2265 sedent
378 2200 538 2274 nebulae,
555 2195 671 2266 rorant
687 2221 890 2287 pennaeque
907 2202 1084 2290 sinusque.

113 2322 220 2395 utque
237 2327 341 2372 manu
358 2307 425 2371 late
442 2306 626 2391 pendentia
642 2307 760 2374 nubila
777 2308 911 2393 pressit,

113 2416 152 2480 fit
168 2415 297 2502 fragor,
315 2411 439 2478 inclusi
456 2413 642 2478 funduntur
658 2413 702 2478 ab
718 2416 858 2494 aethere
873 2413 994 2481 nimbi.

113 2509 235 2588 nuntia
248 2519 395 2614 Junonis
410 2519 523 2585 varios
539 2519 657 2586 induta
674 2521 806 2586 colores

115 2628 265 2714 concipit
281 2626 344 2693 lris
361 2647 481 2714 aquas,
500 2627 729 2713 alimentaque
746 2628 893 2693 nubibus
909 2626 1031 2694 adfert.

115 2745 312 2802 sternuntur
328 2737 464 2822 segetes
480 2743 514 2798 et
528 2732 706 2819 deplorata
723 2734 854 2800 colonis

113 2853 195 2912 vota
207 2841 337 2931 jacent,
355 2840 518 2928 longique
535 2840 623 2926 perit
638 2840 736 2904 labor
751 2840 864 2907 irritus
880 2840 975 2906 artui.

160 2948 239 3014 Nec
256 2948 353 3013 caelo
369 2958 529 3014 contenta
546 2951 608 3014 suo
625 2958 676 3012 est
687 2946 784 3033 Jovis
801 2945 864 3023 ira,
883 2948 945 3013 sed
961 2947 1057 3012 illum

116 3056 298 3122 caeruleus
314 3053 417 3121 srater
429 3055 527 3144 juvat
542 3053 766 3120 auxiliaribus
782 3054 896 3120 undis.

13 3179 17 3224 t
115 3171 284 3228 convocat
299 3161 355 3227 hic
373 3182 514 3236 amnes;
538 3162 596 3248 qui
613 3171 793 3248 postquam
809 3170 899 3227 tecta
914 3160 1053 3249 tyranni

115 3268 287 3334 intravere
303 3267 368 3344 sui,
389 3267 493 3334 ‘Non
510 3279 561 3334 est
576 3267 768 3335 hortamine
784 3267 890 3354 longo

116 3374 228 3440 nunc’
245 3374 291 3439 ait
308 3359 515 3449 ‘utendumt
540 3375 630 3442 vires
647 3375 812 3442 effundite
828 3384 971 3450 vestras,

117 3478 167 3542 sic
182 3498 269 3562 opus
286 3487 337 3542 est
347 3461 512 3563 {aperite
528 3477 662 3555 domos,
680 3499 722 3544 ac
739 3479 828 3545 mole
844 3488 975 3544 remota
991 3503 997 3510 ·

13 3651 14 3660 ,
116 3582 314 3648 fluminibus
331 3583 451 3648 vestris
468 3594 554 3650 totas
571 3585 726 3650 inmittite
744 3585 919 3650 habenas!
949 3583 953 3590 “

157 3689 333 3778 Jusserat3
358 3689 394 3753 hi
410 3691 566 3766 redeunt,
584 3711 626 3756 ac
643 3691 790 3772 fontibus
806 3712 867 3758 ora
882 3691 1052 3769 relaxant,

119 3808 151 3862 et
165 3797 341 3862 defrenato
357 3778 539 3862 volvuntur
555 3797 590 3861 in
607 3818 756 3885 aequora
773 3819 886 3889 cursu.
907 3864 923 3890 Ι

120 3902 190 3989 ipse
206 3902 350 3970 tridente
367 3924 429 3970 suo
445 3909 569 3969 terram
587 3905 775 3990 percussit3
799 3916 835 3970 at
849 3895 909 3972 illa
