2790 4356
180 256 244 344 176
547 255 697 323 Skorter
719 253 855 321 Poems.
1074 271 1218 343 [Tmsm

176 454 294 533 Nunc,
313 454 341 522 si
358 455 444 521 sorte
460 464 556 541 potes
576 452 655 540 (sed
672 474 741 518 non
758 463 867 537 potes,
885 443 1014 537 optima
1031 452 1218 542 conjunx),

221 561 341 628 Finitis
359 561 473 649 gaude
490 571 537 625 tot
554 559 636 624 mihi
653 559 760 624 morte
777 557 889 623 malis.

177 666 283 752 Quod
299 679 409 754 potes,
427 678 576 732 extenua
593 665 669 731 sorti
686 665 778 729 mala
795 663 898 730 corde
915 663 1070 741 serend0‚

220 773 277 840 Ad
294 795 383 860 quae
395 772 602 861 jampridem
619 791 687 836 non
705 771 789 835 rude
805 781 924 856 pectus
942 771 1061 836 habes.

174 878 290 967 Atque
305 880 435 945 utinam
453 887 595 965 pereant
611 876 747 941 animae
765 896 843 940 cum
860 896 1002 961 corpore
1018 888 1168 955 nostrae,
1222 945 1226 956 ,

220 986 441 1074 Effugiatque
460 985 579 1050 avidos
595 1004 675 1070 pars
691 982 774 1047 mihi
792 982 886 1046 nulla
903 981 1028 1069 rogos!
1192 1001 1228 1057 ⁶0

174 1091 268 1158 Nam
286 1093 314 1158 si
331 1103 437 1158 morte
456 1111 578 1156 carens
593 1110 705 1155 vacua
721 1088 813 1154 volat
830 1089 916 1154 altus
933 1089 968 1152 in
985 1109 1069 1154 aura

220 1197 379 1285 Spiritus
397 1209 430 1263 et
446 1197 555 1264 Samii
573 1207 650 1262 sunt
666 1206 739 1260 rata
757 1195 848 1261 dicta
865 1195 969 1272 senis

173 1304 267 1370 Inter
284 1303 493 1370 Sarmaticas
511 1302 671 1369 Romana
686 1301 869 1390 vagabitur
886 1302 1039 1379 umbras,

219 1405 354 1498 Perque
371 1413 460 1476 feros
477 1430 596 1475 manes
613 1407 747 1493 hospita
764 1428 901 1493 semper
917 1409 992 1473 erit.

174 1516 265 1584 Ossa
281 1527 396 1582 tamen
413 1515 515 1582 facito
530 1533 638 1602 parva
656 1514 847 1580 reserantur
862 1514 897 1579 in
913 1535 1022 1580 urna:
1190 1533 1226 1606 65

219 1623 279 1689 Sic
295 1644 364 1712 ego
381 1645 448 1688 non
466 1622 568 1687 etiam
585 1633 737 1687 mortuus
754 1622 852 1687 exsul
870 1643 939 1688 ero.
1015 1623 1017 1628 ’

173 1729 255 1796 Non
268 1741 359 1797 vetat
375 1729 441 1795 hoc
453 1727 656 1815 quisquam:
674 1728 812 1793 fratrem
825 1727 996 1795 Thebana
1010 1742 1225 1821 peremptum

198 1849 208 1856 ·’
219 1835 407 1923 Subposuit
422 1835 553 1900 tumulo
569 1855 653 1923 rege
669 1846 804 1900 vetante
822 1857 929 1902 soror.

172 1941 288 2031 Atque
304 1963 345 2008 ea
362 1963 439 2008 cum
458 1940 546 2007 foliis
563 1953 596 2007 et
612 1941 739 2007 amomi
756 1942 897 2028 pulvere
914 1943 1033 2022 misce,

219 2049 327 2137 Inque
344 2049 540 2116 suburbano
557 2048 694 2114 condita
712 2069 802 2134 pone
819 2051 905 2115 solo.
1191 2085 1226 2141 70

175 2156 340 2243 Quosque
357 2157 451 2244 legat
465 2176 585 2221 versus
601 2156 701 2222 oculo
719 2165 923 2242 properante
939 2157 1061 2238 viator,

217 2262 414 2329 Grandibus
431 2262 465 2327 in
482 2261 568 2327 tituli
586 2283 756 2328 marmore
773 2265 880 2330 caede
897 2265 1006 2331 notis:
1058 2268 1068 2287 ⁰

172 2387 233 2435 fflc
255 2389 329 2434 nco
353 2389 416 2452 Qu
434 2387 549 2452 Jncno
572 2387 809 2436 ‘renunonum
832 2389 952 2436 Luson
974 2391 1135 2441 auronum

216 2496 370 2543 mommo
393 2496 494 2541 suan
517 2475 622 2542 Naso
647 2495 771 2541 Poura
794 2496 895 2543 Meos
1093 2551 1096 2558 ,

171 2603 221 2650 AT
245 2605 320 2650 Tun
344 2605 406 2669 Qu
422 2604 576 2651 Tnnums
600 2605 650 2651 uu
674 2605 732 2651 sm
756 2604 883 2651 onnvu
905 2606 1071 2673 QusQus
1086 2607 1226 2672 suasu

216 2712 353 2759 monna
376 2691 540 2758 Nasonrs
563 2713 759 2759 Moucrrnn
783 2713 870 2760 ossa
894 2695 1053 2761 cunnus.

172 2797 250 2865 Hoc
267 2799 348 2865 satis
364 2799 399 2864 in
416 2799 511 2866 titulo
528 2811 600 2876 est3
625 2801 751 2867 etenim
769 2801 900 2890 majora
918 2803 1024 2868 libelii

216 2904 260 2971 Et
276 2905 433 2972 diuturna
451 2905 562 2994 magis
579 2919 658 2973 sunt
674 2907 883 2974 monimenta
901 2909 998 2986 mihi,

172 3010 270 3096 Qus
286 3034 353 3099 ego
369 3013 516 3090 confido,
535 3014 691 3100 quamvis
709 3035 870 3092 nocuere,
889 3017 1029 3084 daturos

216 3118 354 3184 Nomen
371 3130 404 3184 et
420 3120 548 3185 auctori
563 3130 718 3206 tempora
735 3120 841 3210 longa
859 3145 933 3190 suo.

170 3223 227 3290 Tu
243 3238 357 3291 tamen
375 3226 541 3292 exstincto
557 3226 677 3292 feralia
695 3249 838 3294 munera
855 3251 993 3318 semper

165 3365 172 3381 ·
216 3330 338 3419 Deque
354 3331 420 3397 tuis
436 3333 587 3399 lacrimis
604 3335 746 3401 humida
763 3347 852 3401 serta
869 3337 971 3404 dato:

172 3435 342 3524 Quamvis
359 3438 393 3503 in
410 3439 542 3504 cineres
559 3459 683 3525 corpus
701 3443 883 3508 mutaverit
898 3443 1003 3532 ignis,

216 3543 347 3609 Sentiet
363 3544 513 3609 officium
531 3555 660 3610 maesta
678 3547 796 3613 favilla
813 3548 919 3634 pium.

171 3647 330 3713 Scribere
347 3649 446 3734 plura
462 3650 555 3726 libet,
574 3651 634 3716 sed
651 3673 719 3719 vox
736 3654 819 3722 mihi
837 3655 928 3721 sessa
943 3657 1115 3745 loquendo
1187 3678 1221 3746 85

217 3751 378 3818 Dictandi
394 3755 483 3820 vires
500 3755 659 3843 siccaque
676 3757 796 3847 lingua
811 3773 928 3850 negat.

170 3850 303 3938 Accipe
320 3878 479 3941 supremo
496 3861 624 3926 dictum
642 3863 724 3928 mihi
740 3865 882 3932 forsitan
899 3891 971 3946 ore,

218 3955 335 4041 Quod,
353 3961 412 4026 tibi
428 3964 487 4050 qui
505 3966 614 4045 mittit,
632 3989 700 4035 non
717 3969 821 4038 habet
836 3971 923 4059 ipse,
941 3975 1063 4043 vanni
