2752 4350
134 239 189 292 VI.
217 239 293 310 213.]
341 221 413 288 She
436 222 548 287 boasts
570 221 710 308 herself
723 221 830 286 above
851 221 1006 288 Latona.
1144 219 1185 286 61

134 416 171 481 in
187 438 438 505 quamcumque
456 419 577 484 domus
594 417 724 484 adverti
740 417 871 482 lumina
888 428 1035 503 partem,
1138 435 1186 489 180

133 523 324 589 immensae
341 537 537 609 spectantur
552 546 648 610 opes.
696 523 844 589 Accedit
860 524 982 589 eodem
1059 589 1063 600 ,

118 629 242 716 Ndigna
259 631 323 695 dea
339 630 456 696 facies.
506 631 584 696 Huc
601 641 698 695 natas
716 629 813 695 adice
831 642 962 715 septem

133 746 169 800 et
185 735 323 801 totidem
335 737 493 825 juvence,
512 748 545 802 et
560 759 642 802 mox
658 757 874 824 generosque
892 735 1079 824 nurusque.

133 842 287 929 quaerite
304 864 407 919 nunc,
426 845 551 909 babeat
566 864 670 931 quam
687 853 802 907 nostra
819 844 979 928 superbia
997 843 1159 910 causam!

134 948 253 1013 nescio
269 971 403 1036 quoque
421 951 545 1015 audete
563 962 672 1015 satam
688 948 852 1014 Titanida
869 949 963 1015 Coeo
1136 971 1184 1038 135
1207 943 1211 948 ’

133 1053 306 1121 Latonam
324 1044 607 1140 praeferre'mihi
624 1054 679 1120 cui
696 1055 848 1119 maxima
859 1058 1038 1143 ,quondam

134 1162 300 1250 exiguam
316 1165 433 1228 sedem
451 1162 621 1248 pariturae
638 1173 728 1226 terra
744 1163 897 1250 negavit.

134 1288 201 1332 nec
217 1269 327 1345 caelo,
342 1291 407 1334 nec
424 1271 541 1344 humo,
557 1288 622 1333 nec
639 1267 736 1354 aquis
753 1269 818 1335 dea
830 1280 942 1335 vestra
958 1281 1095 1356 recepta
1113 1281 1163 1336 est
1173 1292 1183 1345 ;

135 1375 235 1440 exsul
252 1387 323 1440 erat
340 1376 471 1451 mundi,
491 1376 601 1440 donec
617 1374 776 1440 miserata
792 1387 990 1464 vagantem,

16 1569 18 1576 γ
133 1479 290 1567 Hospita
306 1490 344 1547 tu
359 1483 466 1546 terris
482 1502 595 1557 erras,
614 1502 676 1567 ego
698 1481 818 1570 (dixit)
839 1483 874 1546 r'n
892 1484 1013 1562 undzs;
1137 1515 1185 1570 190

134 1587 398 1674 instabilemque
416 1589 529 1654 locum
547 1588 654 1653 Delos
672 1589 775 1654 dedit.
825 1589 888 1654 Illa
906 1591 1050 1655 duorum

134 1693 226 1758 sacta
245 1715 389 1780 parens:
415 1695 500 1758 uteri
518 1715 598 1779 pars
615 1696 703 1760 haec
719 1706 770 1760 est
784 1696 929 1780 septima
947 1695 1064 1761 nostri.

183 1811 192 1880 ⁶.
206 1799 292 1866 Sum
308 1800 412 1867 felix:
429 1801 505 1888 quis
518 1801 608 1865 enim
626 1813 730 1889 neget
746 1801 833 1867 hoc?
849 1802 999 1890 felixque
1019 1802 1184 1867 manebo:

135 1908 203 1972 hoc
218 1929 354 1995 quoque
370 1906 615 1995 quis‘dubitet?
638 1920 744 1972 tutam
762 1930 816 1973 me
826 1909 932 1994 -copia
949 1908 1040 1974 lecit.

135 2013 246 2101 major
262 2036 351 2089 sum,
369 2035 473 2100 quam
490 2014 545 2079 cui
562 2015 668 2100 possit
683 2014 835 2080 Fortuna
852 2036 997 2079 nocere:
1139 2045 1185 2102 195

135 2121 310 2205 multaque
326 2131 363 2184 ut
379 2118 511 2206 eripiat,
529 2121 636 2185 multo
653 2120 736 2185 mihi
752 2123 852 2206 plura
869 2121 1048 2206 relinquet.

135 2246 317 2292 excessere
334 2238 462 2291 metum
479 2248 556 2292 mea
569 2227 641 2315 jam
658 2227 760 2292 bona.
807 2226 944 2314 Fingite
961 2226 1052 2291 demi

135 2333 218 2399 huic
234 2331 362 2420 aliquid
378 2333 505 2418 populo
522 2345 678 2398 natorum
696 2355 795 2419 posse
814 2355 988 2398 meorum:

135 2451 337 2507 nontamen
355 2440 398 2506 ad
416 2462 595 2505 numerum
612 2441 753 2528 redigar
768 2440 913 2526 spoliata
930 2440 1089 2518 duorum,

134 2546 292 2613 Latonae
308 2547 464 2612 turbam:
492 2568 581 2634 quae
597 2559 763 2633 quantum
780 2547 881 2612 distat
897 2548 940 2612 ab
956 2546 1062 2612 orba?
1135 2579 1185 2619 200

134 2654 193 2732 ite,
212 2655 361 2743 satisque
378 2675 548 2740 superque
566 2653 668 2729 sacri,
687 2653 890 2739 laurumque
907 2653 1041 2738 capillis

134 2763 276 2851 ponite!
321 2762 521 2848 Deponunt,
539 2759 733 2846 infectaque
750 2780 849 2824 sacra
865 2759 1072 2847 relinquunt,

133 2870 295 2959 quodque
311 2869 403 2944 licet,
421 2868 523 2933 tacito
539 2877 746 2931 venerantur
763 2887 937 2929 murmure
954 2887 1094 2930 numen.

180 2976 366 3063 Indignata
382 2976 448 3041 dea
464 2985 535 3049 est3
561 2992 763 3058 summoque
780 2971 815 3035 in
831 2971 957 3036 vertice
974 2969 1105 3057 Cynthi
1202 2969 1205 2974 ’

131 3083 260 3150 talibus
277 3092 328 3147 est
343 3081 441 3147 dictis
457 3081 598 3169 gemina
615 3101 693 3144 eum
712 3079 806 3164 prole
823 3078 957 3143 locuta:
1136 3108 1186 3165 ²03

136 3189 215 3255 ‘En
232 3209 299 3276 ego
315 3200 427 3253 vestra
444 3209 582 3273 parens,
601 3187 699 3253 vobis
715 3185 871 3250 animosa
888 3182 1025 3262 creatis,

133 3307 182 3371 et,
201 3295 266 3360 nisi
279 3294 421 3381 Junoni‚
438 3294 524 3360 nulli
542 3315 681 3360 cessura
698 3294 855 3368 dearum,

135 3424 182 3468 an
199 3402 265 3467 de‘a
281 3401 359 3477 sim,
378 3401 532 3478 dubitor3
557 3421 687 3487 perque
703 3399 820 3465 omnia
837 3398 976 3464 saecula
992 3396 1092 3464 cultis

136 3530 269 3585 arceor,
288 3506 321 3573 Ο
337 3507 421 3583 nati,
439 3507 503 3572 nisi
519 3529 581 3572 vos
597 3506 807 3582 succurritis,
827 3505 907 3571 aris.

134 3636 202 3682 nec
218 3614 316 3680 dolor
332 3614 388 3678 hic
404 3615 517 3679 solus:
542 3613 615 3678 diro
632 3612 787 3679 convicia
804 3612 896 3678 facto
1138 3641 1188 3678 210

135 3720 296 3788 Tantalis
313 3719 449 3807 adjecit,
467 3740 597 3804 vosque
614 3729 665 3784 est
681 3729 886 3804 postponere
902 3717 992 3783 natis

137 3848 223 3894 ausa
240 3825 323 3902 suis,
341 3837 375 3891 et
391 3847 459 3901 me,
477 3825 569 3912 quod
586 3824 621 3889 in
637 3824 747 3910 ipsam
765 3824 908 3899 recidat,
926 3825 1045 3888 orbam

136 3934 236 4011 dixit,
256 3944 289 4000 et
304 3932 458 3998 exhibuit
473 3931 629 4018 linguam
647 3931 814 3996 scelerata
830 3929 1034 4014 paternam)
