2790 4356
158 241 322 316 X111.76.]
538 226 650 294 Claim
674 224 845 316 osAjax.
1030 253 1033 260 ·
1147 244 1213 312 119
1296 315 1300 324 Ι

160 421 344 489 obtulimus
362 421 443 509 quia
460 445 522 490 nos
540 424 583 489 ad
600 424 710 510 prima
726 423 892 510 pericula,
911 420 1048 489 simusi'

207 540 216 571 ‘
231 528 345 616 Atque
359 530 489 594 utinam
503 542 561 595 aut
572 553 674 596 verus
687 531 780 597 furor
793 531 863 607 ille,
877 541 934 595 aut
946 529 1095 595 creditus
1107 537 1210 603 esset,

160 656 225 702 nec
241 657 356 702 comes
375 636 431 702 hic
447 636 621 724 Phrygias
638 658 800 724 umquam
817 637 966 702 venisset
983 637 1026 702 ad
1044 657 1140 700 arces

161 743 310 809 hortator
326 742 517 842 scelerum!
543 765 612 809 non
628 754 674 819 te,
693 743 859 808 Poeantia
875 745 1002 829 proles,
1176 770 1211 828 45

161 849 353 934 expositum
370 847 524 914 Lemnos
540 861 655 914 nostro
672 870 751 914 cum
768 849 910 914 crimine
928 849 1089 914 haberet:

160 957 218 1044 qui
235 977 339 1032 nunc,
357 968 395 1022 ut
411 966 613 1031 memorant,
633 955 843 1021 silvestribus
860 955 995 1020 abditus
1012 955 1131 1031 antris,

160 1085 246 1130 saxa
263 1085 380 1129 moves
396 1063 540 1152 gemitu,
559 1061 833 1148 Laertiadaeque
850 1061 1002 1147 precaris

160 1191 248 1258 quae
266 1171 401 1247 meruit,
419 1191 521 1258 quae,
541 1168 568 1234 si
586 1168 620 1234 di
638 1180 729 1243 sunt,
748 1190 816 1233 non
832 1188 922 1232 vana
940 1166 1103 1254 precaris.

160 1290 194 1343 et
209 1299 301 1343 nunc
316 1277 374 1344 ille
391 1279 512 1344 eadem
531 1275 629 1342 nobis
642 1275 776 1363 juratus
792 1274 827 1339 in
844 1295 953 1349 arma,
1178 1304 1212 1361 50

159 1383 249 1449 heu!
275 1406 354 1469 pars
370 1405 440 1449 una
456 1384 597 1457 ducum,
616 1404 685 1469 quo
701 1403 899 1448 successore
916 1380 1061 1468 sagittae

161 1490 322 1556 Herculis
337 1503 489 1566 utuntur,
508 1491 635 1556 fractus
653 1491 839 1576 morboque
856 1489 1014 1576 fameque
1043 1504 1053 1524 ·

159 1598 359 1684 velaturque
376 1598 545 1685 aliturque
563 1598 696 1673 avibus,
713 1596 940 1682 volucresque
957 1596 1104 1681 petendo

160 1705 274 1771 debita
289 1704 450 1793 Trojanis
467 1715 605 1770 exercet
620 1703 753 1789 spicula
771 1701 861 1776 latis,

159 1811 216 1877 ille
232 1823 347 1877 tamen
364 1811 458 1887 vivit,
476 1811 556 1898 quia
574 1832 643 1876 non
659 1809 833 1876 comitavit
849 1808 992 1875 Ulixen.
1177 1839 1210 1897 55

206 1929 215 1959 ‘
231 1916 356 1984 Mallet
371 1929 404 1984 et
420 1919 539 1984 infelix
555 1917 760 1983 Palamedes
778 1938 853 1982 esse
870 1917 1030 1982 relictusz

159 2045 262 2112 quem
281 2025 370 2090 male
387 2026 532 2090 convicti
549 2025 693 2089 nimium
712 2045 844 2089 memor
859 2023 922 2088 iste
939 2022 1062 2089 suroris

160 2133 304 2217 prodere
322 2153 393 2197 rem
411 2131 571 2196 Danaam
588 2131 699 2206 finxit,
717 2131 902 2218 fictumque
919 2129 1076 2215 probavit
1133 2161 1136 2168 ·

159 2238 302 2313 crimen,
321 2249 354 2302 et
370 2239 527 2312 ostendit,
546 2239 636 2324 quod
650 2237 722 2326 jam
741 2237 970 2323 praefoderat,
989 2256 1122 2301 aurum.
1175 2253 1210 2308 60

207 2343 325 2432 ‘Ergo
342 2355 400 2409 aut
414 2344 536 2410 exsilio
551 2345 641 2410 vires
658 2345 822 2410 subduxit
838 2341 997 2418 Achivis,

160 2461 219 2515 aut
234 2472 340 2516 nece:
365 2451 415 2516 sic
432 2462 576 2538 pugnat,
594 2452 644 2518 sic
661 2463 711 2517 est
728 2451 931 2516 metuendus
948 2448 1083 2516 Ulixes.

159 2557 217 2642 qui
235 2556 313 2621 licet
329 2557 464 2643 eloquio
481 2558 586 2623 fidum
603 2579 739 2645 quoque
756 2557 905 2624 Nestora
922 2558 1050 2635 vincat,

159 2663 252 2727 haud
269 2673 383 2727 tamen
401 2664 536 2739 efficiet,
555 2665 725 2730 desertum
744 2676 783 2731 ut,
797 2665 945 2731 Nestora
963 2666 1093 2732 crimen

158 2789 235 2834 esse
251 2790 328 2842 rear
345 2770 497 2834 nullum:
522 2771 580 2858 qui
597 2791 675 2836 cum
696 2772 894 2858 imploraret
910 2772 1039 2838 Ulixen
1174 2789 1208 2861 ⁶5

157 2877 299 2941 vulnere
316 2877 432 2941 tardus
449 2877 541 2963 equi,
562 2877 738 2964 fessusque
755 2879 919 2945 senilibus
937 2880 1050 2955 annis,

157 2983 310 3068 proditus
328 3003 348 3047 a
365 2984 458 3048 socio
474 2994 535 3049 est.
584 2983 666 3051 Non
684 2987 771 3051 haec
788 2987 870 3051 mihi
888 2986 1032 3051 crimina
1048 2987 1133 3075 fingi

157 3088 221 3154 scit
236 3089 325 3154 bene
341 3088 509 3175 Tydides,
529 3091 586 3179 qui
604 3092 742 3158 nomine
760 3113 863 3178 saepe
879 3105 1039 3157 vocaturn

157 3195 330 3280 corripuit,
349 3197 547 3284 trepidoque
564 3199 683 3286 sugam
702 3201 922 3286 exprobravit
938 3200 1061 3266 amico.

156 3301 326 3386 aspiciunt
343 3303 450 3368 oculis
468 3306 582 3391 superi
601 3308 757 3372 mortalia
770 3307 891 3395 justisz
1175 3336 1210 3392 70

155 3402 199 3473 en
216 3421 296 3495 eget
312 3409 453 3488 auxilio,
472 3415 531 3500 qui
549 3437 618 3479 non
635 3415 729 3490 tulit3
755 3427 857 3501 utque
874 3413 1022 3501 reliquit,

154 3514 206 3580 sic
222 3515 428 3601 linquendus
445 3531 538 3585 erat:
563 3521 679 3609 legem
696 3521 759 3586 sibi
777 3522 911 3587 dixerat
926 3521 1011 3607 ipse.

203 3619 434 3690 ‘Conclamat
450 3626 574 3692 socios.
622 3626 757 3693 Adsum
772 3650 780 3702 ;
805 3627 972 3712 videoque
989 3635 1191 3690 trementem

154 3729 410 3820 pallentemque
428 3744 520 3798 metu
537 3743 571 3798 et
585 3734 811 3819 trepidantem
829 3744 936 3797 morte
952 3731 1077 3796 futura.

154 3837 299 3924 opposui
319 3838 444 3905 mole'm
463 3838 577 3924 clipei,
595 3840 734 3926 texique
747 3839 934 3927 jacentem,
1033 3825 1035 3829 ⁸
1054 3917 1058 3926 .
1174 3867 1206 3924 75

153 3945 358 4032 servavique
376 3945 528 4010 animam
545 3944 743 4034 (minimum
758 3955 808 4010 est
824 3945 890 4011 hoc
906 3944 1037 4029 laudis)
1052 3943 1204 4010 inertem.
