2752 4350
172 263 227 316 Vl.
242 261 315 334 231.]
497 245 567 310 The
596 245 771 330 Grz'efof
783 243 910 312 Niobe.
1177 243 1220 330 63

217 440 375 527 Adspicit
389 440 583 528 Alphenor,
602 442 797 528 laniataque
815 452 952 527 pectora
970 442 1140 530 plangens
1239 503 1242 508 .

173 548 323 624 advolat,
340 560 378 613 ut
393 549 527 636 gelidos
544 549 780 634 complexibus
798 549 922 612 allevet
939 560 1051 623 artus;

172 653 275 741 inque
293 655 349 740 pio
366 657 455 720 cadit
471 655 596 731 officio,
614 676 695 718 nam
713 655 834 720 Delius
850 655 899 718 illi
1170 686 1222 742 ²50

172 759 292 825 intima
308 754 441 826 fatifero
457 762 547 846 rupit
562 761 763 846 praecordia
780 761 880 826 ferro.

114 945 120 954 ¹
172 866 265 953 quod
281 867 381 932 simul
398 867 571 942 eductum,
591 888 669 952 pars
687 878 736 930 est
752 866 923 952 pulmonis
940 867 975 931 in
993 867 1105 933 hamis

172 983 280 1048 eruta,
300 993 446 1060 cumque
464 973 579 1037 anima
597 993 697 1037 cruor
713 984 764 1036 est
780 972 908 1037 effusus
925 974 960 1037 in
978 995 1091 1039 auras.
1222 955 1229 965 ’

216 1077 266 1143 At
281 1101 350 1145 non
366 1079 537 1144 intonsum
554 1080 701 1164 simplex
718 1079 1013 1144 Damasichthona
1030 1081 1154 1146 vulnus

173 1185 299 1251 adficit.
350 1185 441 1251 lctus
458 1197 543 1262 erat,
561 1207 629 1272 qua
646 1207 724 1250 crus
741 1206 815 1250 esse
832 1185 962 1271 incipit,
981 1198 1014 1252 et
1029 1208 1098 1274 qua
1170 1217 1220 1274 255

171 1292 290 1357 mollia
306 1314 470 1358 nervosus
487 1293 568 1357 facit
583 1293 772 1356 internodia
789 1293 924 1378 poples.

172 1399 323 1487 dumque
340 1421 443 1464 manu
460 1410 602 1486 temptat
617 1401 751 1463 trahere
769 1399 941 1463 exitiabile
957 1399 1075 1476 telum,
1142 1415 1145 1424 '

172 1507 280 1572 altera
296 1528 357 1593 per
369 1507 530 1595 jugulum
547 1506 668 1592 pennis
684 1517 782 1571 tenus
800 1518 875 1570 acta
892 1507 1016 1594 sagitta
1033 1519 1095 1571 est.

172 1613 303 1698 expulit
319 1614 410 1679 hanc
426 1614 581 1702 sanguis,
600 1634 705 1699 seque
721 1613 910 1700 ejaculatus
927 1614 962 1677 in
980 1615 1086 1678 altum

172 1720 308 1796 emicat,
327 1731 362 1786 et
377 1721 480 1808 longe
497 1721 665 1785 terebrata
682 1720 813 1805 prosilit
829 1740 924 1783 aura.
1171 1735 1223 1792 260

218 1826 367 1894 Ultimus
385 1827 534 1893 Ilioneus
551 1849 619 1892 non
636 1827 830 1913 profectura
847 1827 1021 1912 precando
1176 1906 1177 1910 Ἰ

171 1934 336 2000 bracchia
352 1935 546 2010 sustulerat,
564 1934 621 1999 Di
633 1955 699 2021 que
722 1933 753 1999 0
768 1936 993 1998 communiter
1009 1955 1135 2009 omnes,

173 2026 319 2115 dixerat,
337 2041 479 2129 ignarus
496 2063 565 2105 non
582 2062 701 2106 omnes
719 2061 794 2105 esse
811 2042 1000 2128 rogandos,

165 2148 331 2236 parcite!
353 2149 471 2214 Motus
488 2161 572 2224 erat,
592 2169 669 2213 cum
683 2149 753 2235 jam
772 2148 965 2212 revocabile
982 2148 1086 2212 telum

172 2276 240 2320 non
258 2255 333 2331 suit,
350 2253 577 2330 Arcitenens3
603 2255 744 2320 minimo
761 2265 875 2319 tamen
894 2255 1017 2320 occidit
1034 2255 1091 2318 ille
1171 2271 1222 2340 265

170 2362 326 2438 vulnere,
345 2384 412 2428 non
431 2363 497 2427 alte
514 2383 676 2448 percusso
693 2362 794 2428 corde
812 2361 948 2450 sagitta.

216 2469 327 2534 Fama
343 2469 424 2534 mali
441 2469 627 2556 populique
644 2470 741 2534 dolor
756 2469 989 2555 lacrimaeque
1005 2490 1144 2534 suorum

169 2585 241 2641 tarn
258 2576 388 2642 subitae
405 2587 548 2642 matrem
565 2588 693 2641 certam
711 2575 822 2641 secere
839 2577 959 2640 ruinae

170 2683 351 2748 mirantem
368 2683 530 2769 potuisse,
549 2683 834 2769 irascentemque,
853 2684 944 2770 quod
962 2681 1036 2747 ausi

170 2791 240 2856 hoc
254 2802 367 2855 essent
382 2790 509 2877 superi,
527 2791 620 2877 quod
636 2801 767 2854 tantum
780 2790 867 2878 juris
885 2791 1063 2860 haberent.
1170 2819 1223 2874 270

169 2919 252 2963 nam
269 2909 366 2984 pater
380 2896 571 2984 Amphion,
589 2897 678 2962 serro
696 2917 757 2983 per
772 2908 892 2983 pectus
909 2897 1044 2973 adact0,

169 3004 304 3068 finierat
320 3004 468 3069 moriens
484 3003 611 3090 pariter
627 3025 705 3068 curn
722 3001 799 3068 luce
817 3004 982 3069 dolorem.

217 3109 297 3175 Heu
313 3121 478 3197 quantum
495 3113 582 3176 haec
598 3110 711 3176 Niobe
727 3110 840 3176 Niobe
857 3111 1004 3175 distabat
1021 3109 1064 3174 ab
1080 3108 1153 3186 illa,

168 3237 259 3304 quae
275 3217 375 3283 modo
392 3217 510 3283 Latois
526 3219 692 3304 populum
709 3229 940 3283 summoverat
957 3217 1037 3294 aris,

169 3335 203 3389 et
220 3324 368 3395 mediam
384 3325 506 3389 tulerat
522 3346 661 3412 gressus
677 3325 839 3410 resupina
856 3347 917 3410 per
932 3325 1066 3403 urbem,
1169 3354 1219 3411 275

167 3430 338 3496 invidiosa
354 3431 423 3496 suis
438 3429 445 3495 l
472 3440 505 3496 at
520 3452 613 3497 nunc
629 3431 824 3497 miseranda
840 3433 894 3496 vel
913 3432 1013 3497 hosti.

169 3537 367 3623 corporibus
384 3539 507 3626 gelidis
522 3539 700 3616 incumbit,
721 3550 753 3604 et
768 3539 888 3605 ordine
905 3539 998 3604 nullo

168 3645 287 3711 oscula
303 3645 478 3730 dispensat
493 3657 590 3711 natos
607 3667 767 3731 suprema
782 3667 844 3731 per
860 3667 992 3710 omnes.

170 3772 190 3817 a
207 3751 331 3838 quibus
348 3754 392 3817 ad
409 3753 541 3817 caelum
560 3752 698 3816 liventia
715 3752 877 3817 bracchia
893 3752 1030 3829 tollens,

171 3858 356 3935 ‘Pascere,
375 3859 534 3935 crudelis,
553 3872 681 3935 nostm,
700 3858 848 3934 Latona,
867 3857 1004 3923 dolore:

169 3965 331 4055 pascere’
347 3966 405 4044 ait,
425 3966 600 4053 ‘satiaque
617 3982 693 4030 meo
710 3975 767 4029 tua
784 3939 922 4051 pectora
939 3965 1053 4030 luctu:
1141 4014 1145 4022 .
