2752 4350
131 247 311 320 V111.483.]
479 230 550 298 Tae
572 230 686 298 Fatal
704 230 846 298 Brund.
1140 229 1182 312 85

132 428 257 504 luctus,
275 440 309 493 et
325 448 344 493 a
360 426 510 494 lacrimis
527 428 563 494 in
580 443 713 514 poenae
729 448 848 494 versus
866 447 1019 492 amorem
1037 436 1099 490 est.
1131 456 1184 513 450

177 535 292 620 Stipes
309 546 392 610 erat,
411 557 526 622 quem,
546 556 623 600 cum
641 546 758 620 partus
774 535 877 600 enixa
891 534 1021 623 jaceret

111 620 115 633 ⁵
131 640 307 716 Thestias,
325 641 359 705 in
376 640 551 706 flammam
569 642 720 726 triplices
737 662 882 725 posuere
900 660 1054 714 sorores3

133 746 347 834 staminaque
363 747 529 833 impresso
547 747 663 812 satalia
680 748 805 833 pollice
822 757 943 811 nentes

134 853 352 939 ‘Tempora'
369 855 528 921 dixerunt
545 855 690 920 ‘eadem
707 854 871 940 lignoque
888 854 1028 940 tibique,

133 958 166 1025 O
185 960 285 1025 modo
302 971 393 1036 nate,
412 960 559 1025 damus!
607 959 688 1043 Qo
705 971 886 1045 postquam
903 960 1055 1026 carmine
1072 958 1162 1025 dicto

133 1087 315 1132 excessere
332 1066 430 1142 deae,
449 1067 652 1154 fiagrantem
670 1078 779 1130 mater
796 1067 839 1130 ab
856 1066 938 1154 igne

134 1171 258 1259 eripuit
273 1183 409 1249 torrem,
428 1171 842 1259 sparsitqueliquentibus
860 1174 971 1239 undis.

133 1279 192 1344 ille
209 1278 267 1344 diu
284 1278 394 1344 suerat
410 1279 640 1364 penetralibus
658 1279 792 1344 abditus
808 1278 898 1355 imis,

134 1396 357 1472 servatusque
374 1396 461 1461 tuos,
475 1384 625 1473 juvenis,
644 1396 839 1451 servaverat
855 1407 976 1452 annos.

135 1491 273 1578 protulit
289 1492 381 1558 hunc
397 1491 558 1579 genitrix,
577 1492 762 1579 taedasque
779 1503 812 1556 et
828 1493 1000 1580 fragmina
1017 1492 1098 1578 poni
1132 1507 1186 1574 460

134 1597 293 1684 imperat,
312 1609 345 1663 et
360 1597 477 1684 positis
492 1597 649 1664 inimicos
667 1599 826 1664 admovet
841 1599 953 1686 ignes.

180 1701 272 1766 Tum
291 1712 413 1766 conata
429 1712 550 1787 quater
565 1700 713 1768 flammis
730 1702 906 1788 imponere
924 1724 1072 1778 ramum,

135 1818 258 1894 coepta
273 1819 393 1895 quater
409 1807 527 1872 tenuit.
577 1807 740 1896 Pugnant
756 1821 931 1896 materque
949 1831 1124 1897 sororque,

135 1926 170 1981 et
184 1916 319 1980 diversa
335 1915 473 1978 trabunt
488 1935 595 1979 unum
612 1916 680 1981 duo
695 1916 835 1981 nomina
851 1926 984 2002 pectus.

135 2042 241 2107 saepe
258 2033 350 2085 metu
365 2020 505 2086 sceleris
522 2013 697 2107 pallebant
712 2043 772 2088 ora
788 2022 890 2087 futuri
903 2045 912 2098 3
1135 2039 1188 2109 465

135 2149 242 2214 saepe
258 2149 357 2194 suum
374 2127 510 2194 fervens
527 2129 635 2194 oculis
652 2130 754 2195 dabat
769 2129 820 2194 ira
836 2129 1008 2195 ruborem.

135 2245 169 2300 et
186 2235 287 2300 modo
304 2233 420 2299 nescio
436 2234 520 2320 quid
536 2235 655 2300 similis
671 2235 809 2301 crudele
826 2235 970 2301 minanti

133 2342 250 2408 vultus
266 2351 350 2416 erat,
370 2341 471 2406 modo
487 2363 590 2428 quem
607 2339 759 2408 misereri
776 2341 917 2407 credere
934 2363 1073 2429 posses3

134 2467 283 2534 cumque
301 2446 392 2514 serus
408 2448 568 2514 lacrimas
586 2449 689 2512 animi
711 2448 900 2515 siccaverat
916 2451 1030 2524 ardor,

133 2554 397 2621 inveniebantur
413 2539 577 2620 lacrimae
592 2566 720 2621 tamen.
769 2555 884 2643 thue
901 2555 1032 2633 carina,
1136 2589 1190 2642 470

134 2683 241 2752 quam
258 2673 390 2739 ventus,
408 2672 577 2748 ventoque
594 2661 682 2746 rapit
697 2662 885 2729 contrarius
902 2674 1028 2739 aestus,

133 2772 206 2838 vim
223 2769 398 2858 geminam
416 2768 528 2843 sentit,
548 2779 710 2855 paretque
724 2768 855 2834 incerta
871 2769 1060 2835 duobus-

134 2878 297 2945 Thestias
314 2878 407 2941 haud
424 2876 521 2942 aliter
537 2875 648 2940 dubiis
665 2875 843 2941 affectibus
860 2885 962 2951 errat,

135 2986 240 3073 inque
258 2986 350 3050 vices
366 2982 473 3069 ponit,
493 2982 706 3069 positamque
723 2981 901 3047 resuscitat
917 2981 1016 3046 iram.

182 3090 307 3176 lncipit
323 3112 398 3156 esse
414 3101 530 3155 tamen
546 3088 666 3155 melior
682 3109 849 3176 germana
866 3099 1020 3173 parente,

137 3209 171 3264 et
187 3195 463 3283 consanguineas
479 3206 516 3261 ut
532 3195 702 3283 sanguine
718 3194 823 3260 leniat
839 3195 992 3271 umbras,

137 3304 311 3391 impietate
328 3303 385 3388 pia
401 3313 472 3368 est:
496 3321 577 3366 nam
594 3313 774 3389 postquam
793 3301 932 3388 pestifer
947 3301 1039 3388 ignis

139 3409 325 3485 convaluit,
345 3408 492 3495 ‘Rogus
506 3407 570 3474 iste
587 3420 715 3474 cremet
731 3429 808 3475 mea
825 3409 977 3473 viscera'
993 3407 1098 3482 dixit;

139 3529 243 3606 utque
260 3537 365 3580 manu
382 3515 455 3580 dira
472 3514 605 3601 lignum
622 3514 724 3579 fatale
741 3517 891 3592 tenebat,

141 3635 219 3690 ante
236 3621 445 3708 sepulcrales
462 3620 582 3684 infelix
598 3619 723 3686 adstitit
740 3641 830 3698 aras,
1138 3641 1191 3705 480

143 3727 379 3796 ‘Poenarum'
394 3748 461 3814 que
479 3727 586 3791 ‘deae
603 3726 765 3812 triplices,
784 3727 988 3805 furialibus,’
1005 3729 1114 3816 inquit

143 3834 391 3909 ‘Eumenides
410 3832 518 3898 sacris
534 3833 647 3898 vultus
664 3833 828 3899 advertite
845 3845 987 3901 vestros.

141 3942 303 4020 ulciscor,
321 3940 478 4028 facioque
495 3938 613 4004 nefas:
639 3960 730 4008 mors
746 3951 854 4006 morte
870 3940 999 4028 pianda
1015 3953 1078 4009 est.
