2790 4356
188 186 438 297 xv,‘139‚]The
466 205 565 272 Gur'lt
588 205 661 290 aad
688 203 830 290 Cruelty
855 204 902 286 of
916 201 1125 267 Bloodsbed.
1175 219 1240 291 139

188 404 268 470 fecit
284 404 346 468 iter
362 403 496 469 sceleri.
545 401 729 488 Primaque
746 421 765 465 e
782 400 888 465 caede
906 399 1055 464 serarum

187 512 371 577 incaluisse
387 523 503 595 putem
520 510 728 574 maculatum
747 507 915 593 sanguine
933 506 1072 570 serrum.

123 649 126 654 ·
187 618 289 705 idque
306 617 387 683 satis
404 618 532 682 suerat:
558 627 778 700 nostrumque
795 614 946 699 petentia
963 613 1068 678 letum

187 745 331 810 corpora
350 724 453 788 missa
470 722 546 788 neci
563 723 659 786 salva
676 721 799 806 pietate
817 719 984 800 fatemur3

187 832 248 898 sed
265 852 368 917 quam
385 830 500 895 danda
516 829 606 904 neci,
624 840 693 891 tam
712 849 780 891 non
798 827 972 912 epulanda
990 827 1137 894 luerunt.
1189 861 1238 903 110

233 936 416 1023 ‘Longius
432 936 512 1000 inde
529 934 626 999 nefas
644 933 738 1008 abiit,
758 944 790 997 et
805 933 917 1019 prima
935 947 1070 1020 putatur

186 1044 295 1109 hostia
312 1065 370 1108 sus
386 1027 551 1106 meruisse
568 1041 667 1116 mori,
685 1041 766 1126 quia
783 1040 914 1105 semina
931 1043 1046 1128 pando

186 1150 311 1216 eruerit
327 1161 448 1224 rostro,
467 1167 632 1234 spemque
650 1142 868 1232 interceperit
884 1150 978 1214 anni.

186 1257 253 1322 vite
270 1277 374 1343 caper
390 1275 503 1320 morsa
521 1253 652 1319 Bacchi
671 1255 873 1322 mactandus
891 1258 935 1321 ad
952 1278 1030 1324 aras

185 1364 319 1428 ducitur
335 1362 475 1428 ultoris:
500 1361 616 1426 nocuit
632 1381 694 1425 sua
713 1362 815 1449 culpa
832 1364 976 1429 duobus.
1188 1397 1236 1454 115

184 1471 267 1557 quid
286 1469 467 1544 meruistis,
486 1489 582 1543 oves,
602 1468 777 1554 placidum
794 1491 913 1556 pecus,
931 1470 1035 1558 inque
1051 1472 1196 1538 tuendos

185 1591 302 1642 natum
319 1577 488 1652 homines,
507 1576 610 1662 pleno
627 1596 715 1661 quae
732 1576 825 1642 fertis
841 1577 876 1642 in
892 1579 997 1643 ubere
1014 1589 1143 1655 nectar,

185 1684 300 1750 mollia
317 1705 405 1770 quae
423 1683 521 1749 nobis
538 1694 669 1750 vestras
685 1684 858 1749 velamina
875 1686 973 1750 lanas

183 1791 368 1877 praebetis,
386 1790 523 1876 vitaque
542 1791 668 1878 magiS,
686 1812 789 1878 quam
809 1803 916 1856 morte
928 1790 1078 1881 juvatis?

183 1899 263 1985 quid
282 1920 438 1964 meruere
454 1899 573 1974 boves,
593 1898 722 1962 animal
739 1898 812 1964 sine
830 1898 950 1966 fraude
966 1899 1136 1986 dolisque,
1186 1933 1235 1972 120

182 2005 382 2082 innocuum,
401 2005 561 2091 simplex,
581 2017 699 2072 natum
716 2007 861 2070 tolerare
877 2004 1034 2072 labores?

182 2112 362 2179 immemor
378 2125 429 2179 est
444 2114 597 2189 demum,
616 2133 681 2178 nec
697 2111 834 2200 frugum
852 2133 992 2178 munere
1009 2113 1149 2200 dignae,

182 2220 240 2308 qui
257 2220 364 2306 potuit
380 2220 476 2286 curvi
493 2220 632 2306 dempto
649 2220 751 2284 modo
766 2219 918 2304 pondere
937 2218 1038 2284 aratri

182 2329 536 2404 ruricolammactare
553 2348 668 2402 suum,
686 2325 744 2412 qui
762 2327 837 2390 trita
855 2327 971 2391 labore

181 2435 255 2511 illa,
272 2434 396 2522 quibus
412 2435 535 2501 totiens
553 2433 677 2499 durum
696 2442 921 2498 renovaverat
937 2453 1070 2510 arvum,
1184 2466 1231 2522 125

182 2541 382 2608 condiderat
398 2563 542 2630 messes,
562 2539 730 2626 percussit
746 2539 835 2605 colla
852 2539 974 2604 securi.

228 2648 330 2714 ‘Nec
346 2649 427 2714 satis
443 2659 506 2724 est,
524 2647 616 2734 quod
632 2646 701 2712 tale
717 2646 814 2712 nefas
831 2646 1069 2712 committiturz
1096 2647 1188 2734 ipsos

180 2755 386 2842 inscripsere
402 2755 485 2821 deos
501 2753 636 2830 sceleri,
656 2768 852 2840 numenque
869 2774 1056 2838 supernum

181 2863 288 2930 caede
304 2863 476 2929 laboriferi
493 2864 637 2929 credunt
652 2862 806 2950 gaudere
819 2860 971 2948 juvenci.

180 2971 318 3035 victima
336 2971 413 3036 labe
430 2992 551 3036 carens
569 2981 602 3036 et
617 2967 910 3056 praestantissima
928 2966 1038 3034 sorma
1050 3005 1095 3017 -
1185 3002 1232 3055 130

180 3097 262 3142 nam
278 3078 450 3164 placuisse
466 3089 623 3144 nocet-
633 3077 723 3143 vittis
740 3074 933 3164 praesignis
950 3084 982 3139 et
998 3095 1082 3140 auro

180 3185 307 3249 sistitur
323 3196 401 3252 ante
418 3207 509 3262 aras,
529 3185 688 3272 auditque
705 3185 829 3271 ignara
845 3191 1058 3268 precantem,

178 3288 378 3379 imponique
394 3314 477 3360 suae
492 3293 586 3360 videt
601 3293 687 3358 inter
703 3313 832 3359 cornua
849 3289 951 3357 fronti

180 3419 267 3483 quas
283 3399 397 3475 coluit,
415 3400 546 3488 fruges,
566 3422 798 3489 percussaque
815 3398 987 3489 sanguine
1004 3398 1131 3464 cultros

179 3503 286 3570 inficit
301 3505 337 3570 in
353 3506 483 3594 liquida
500 3509 676 3594 praevisos
692 3509 833 3575 forsitan
850 3508 957 3575 unda.
1182 3535 1229 3590 135

179 3613 332 3698 protinus
348 3625 483 3700 ereptas
498 3615 624 3682 viventi
642 3627 778 3701 pectore
795 3617 899 3686 fibras

179 3717 375 3804 inspiciunt,
395 3732 594 3808 mentesque
610 3723 712 3788 deum
730 3734 924 3788 scrutantur
938 3721 974 3789 in
990 3722 1069 3790 illis.

178 3827 271 3892 unde
287 3827 397 3894 fames
414 3828 543 3894 homini
558 3828 736 3894 vetitorum
754 3839 847 3894 tanta
863 3830 1016 3896 ciborum
1034 3829 1106 3898 est?

180 3934 312 4002 audetis
327 3935 434 4013 vesci,
451 3957 564 4032 genus
581 3934 613 4004 Ο
630 3935 795 4001 mortale?
819 3937 911 4023 quod
931 3937 1027 4026 (oro)
