2752 4350
160 226 200 279 11.
224 226 295 299 176.]
324 206 394 274 The
417 206 538 274 Steeds
562 207 646 273 dash
657 207 835 294 sarward
856 227 899 270 on
923 204 979 271 tle
1000 203 1141 271 Course.
1166 221 1208 287 23

159 406 301 471 humida
318 426 387 470 nox
403 405 533 493 tetigit;
558 427 627 470 non
644 415 695 470 est
712 426 807 469 mora
823 403 931 468 libera
947 401 1058 469 nobis.
1077 469 1080 475 ,

158 512 352 598 poscimur:
378 510 521 596 effulget
536 512 685 576 tenebris
703 531 826 576 aurora
843 509 982 596 fugatis.

159 619 291 706 corripe
308 620 380 684 lora
397 639 524 692 manu3
548 619 616 694 vel,
635 618 663 683 si
680 617 842 682 mutabile
859 629 979 703 pectus
1161 645 1210 700 ¹45

158 737 210 791 est
226 726 297 802 tibi,
316 725 480 799 consiliis,
498 745 568 788 non
585 724 741 790 curribus
757 735 851 788 utere
869 721 1005 798 nostris,

144 829 240 898 'dum
258 843 367 918 potes,
385 843 418 897 et
434 831 552 897 solidis
568 831 671 896 etiam
688 851 780 895 nunc
797 830 935 907 sedibus
952 829 1079 906 adstas,

159 940 308 1026 dumque
326 938 415 1004 male
432 949 564 1025 optatos
580 938 733 1002 nondum
750 937 878 1022 premis
894 929 1022 1001 inscius
1038 957 1134 1002 axes.

158 1067 247 1133 quae
263 1057 354 1111 tutus
370 1056 516 1131 spectes,
535 1044 609 1110 sine
626 1065 681 1109 me
698 1045 780 1109 dare
796 1043 927 1108 lumina
943 1042 1065 1108 terris!

204 1153 362 1238 Occupat
377 1153 434 1218 ille
451 1153 562 1219 levem
575 1150 719 1239 juvenili
736 1171 879 1236 corpore
896 1171 1047 1226 currum,
1160 1180 1210 1235 150

158 1270 290 1347 statque
308 1281 422 1346 super,
441 1259 666 1344 manibusque
684 1257 782 1322 datas
800 1256 1171 1344 contingere'habenas

158 1369 299 1454 gaudet,
318 1378 351 1432 et
367 1366 471 1431 invito
488 1377 603 1453 grates
621 1365 692 1452 agit
708 1363 789 1428 inde
806 1363 952 1448 parenti.

156 1473 289 1539 interea
305 1474 462 1539 volucres
478 1472 601 1559 Pyrois
617 1472 711 1536 Eotis
727 1482 761 1536 et
776 1468 928 1545 Aethon,
947 1518 950 1525 .

158 1580 239 1645 solis
256 1580 347 1666 equi,
365 1591 572 1667 quartusque
588 1577 760 1665 Phlegon,
780 1576 966 1642 hinnitibus
984 1597 1086 1642 auras

157 1686 369 1751 flammiferis
386 1686 541 1772 implent,
559 1685 771 1772 pedibusque
788 1683 957 1770 repagula
974 1675 1124 1768 pulsant.
1160 1711 1208 1769 155

157 1814 247 1879 quae
263 1805 442 1879 postquam
459 1793 606 1879 Tethys,
624 1791 770 1857 fatorum
787 1791 909 1878 ignara
926 1789 1072 1874 nepotis,

157 1901 318 1986 reppulit,
337 1912 370 1964 et
386 1900 475 1965 facta
492 1909 545 1964 est
559 1897 716 1964 immensi
734 1897 833 1982 copia
850 1895 982 1971 mundi,

158 2007 352 2092 corripuere
368 2006 474 2081 viam,
494 2005 706 2091 pedibusque
722 2025 784 2090 per
800 2007 880 2068 aera
898 2001 997 2067 motis

157 2114 329 2179 obstantes
346 2113 505 2178 scindunt
521 2112 679 2187 nebulas,
697 2110 886 2197 pennisque
904 2109 1006 2174 levati

156 2232 374 2308 praetereunt
388 2207 480 2286 ortos
495 2221 604 2284 isdem
622 2219 664 2284 de
681 2219 833 2304 partibus
853 2217 976 2283 Euros.
1159 2233 1209 2288 160

203 2327 273 2392 Sed
291 2327 365 2392 leve
383 2327 517 2412 pondus
533 2337 617 2401 erat,
637 2335 701 2390 nec
717 2325 808 2411 quod
826 2341 1036 2410 cognoscere
1054 2335 1194 2410 possent

157 2431 249 2498 Solis
266 2429 357 2517 equi,
376 2429 541 2517 solitaque
555 2430 679 2519 jugum
695 2428 863 2517 gravitate
882 2409 1032 2494 carebat.

155 2551 260 2624 utque
277 2538 393 2602 labant
409 2557 535 2602 curvae
548 2537 639 2624 justo
656 2536 729 2601 sine
747 2535 899 2620 pondere
915 2542 1035 2612 naves,

156 2665 286 2731 perque
302 2665 395 2710 mare
412 2643 587 2708 instabiles
604 2642 710 2708 nimia
727 2642 863 2720 levitate
880 2641 1048 2720 seruntur,

157 2751 207 2824 silc
222 2771 328 2817 onere·
343 2762 477 2815 assueto
494 2770 623 2814 vacuus
640 2751 699 2814 dat
714 2749 749 2813 in
768 2754 847 2814 aere
864 2751 985 2825 saltus,
1159 2767 1207 2838 165

148 2852 407 2943 ⁴succutiturque
424 2857 504 2931 alte,
523 2856 711 2946 similisque
728 2867 779 2921 est
795 2878 915 2921 currus
931 2855 1037 2920 inani.

155 2963 248 3049 quod
265 2963 366 3028 simul
383 2983 424 3027 ac
440 2971 591 3038 sensere,
610 2974 724 3037 ruunt,
743 2963 926 3049 tritumque
943 2962 1140 3049 relinquunt

155 3069 351 3157 quadrijugi
367 3069 528 3155 spatium,
547 3089 611 3134 nec
626 3091 695 3156 quo
713 3070 819 3156 prius,
838 3069 957 3134 ordine
975 3079 1126 3133 currunt.

155 3176 229 3262 ipse
246 3187 366 3262 pavet3
391 3196 456 3241 nec
472 3196 541 3262 qua
557 3176 758 3252 commissas
773 3176 887 3241 flectat
903 3176 1069 3251 habenaS,

154 3303 220 3348 nec
236 3283 299 3348 scit
314 3303 382 3369 qua
399 3283 442 3349 sit
456 3281 532 3359 iter,
551 3305 628 3360 nec,
647 3285 676 3350 si
693 3284 789 3358 sciat,
808 3282 952 3368 imperet
967 3281 1045 3346 illis.-
1160 3311 1209 3366 ¹70

199 3389 292 3454 Tum
309 3389 456 3475 primum
473 3391 578 3457 radiis
595 3391 701 3479 gelidi
718 3391 855 3456 caluere
872 3389 1011 3465 triones,

154 3507 187 3561 et
202 3496 304 3562 vetito
322 3483 444 3563 frustra
461 3507 668 3582 temptarunt
684 3517 831 3583 aequore
848 3495 970 3583 tingui,

153 3623 310 3690 quaeque
327 3605 407 3690 polo
426 3604 535 3690 posita
553 3614 603 3669 est
619 3603 758 3690 glaciali
775 3601 933 3688 proxima
950 3599 1116 3686 Serpens,

154 3710 280 3796 frigore
297 3711 397 3798 pigra
414 3709 522 3796 prius,
540 3731 605 3774 nec
620 3709 844 3774 formidabilis
860 3708 934 3784 ulli,

153 3814 295 3882 incaluit
311 3815 525 3902 sumpsitque
541 3836 649 3880 novas
666 3815 854 3880 fervoribus
871 3813 951 3878 iras.
1158 3842 1206 3899 175

152 3933 186 3990 te
202 3943 339 4012 quoque
353 3922 524 3987 turbatum
542 3931 732 3986 memorant
748 3919 891 4007 fugisse,
910 3917 1031 3996 Boote,
