2790 4356
194 266 244 319 IV·
259 279 297 332 ιο,
315 263 367 334 ι8.]
463 245 498 310 T
491 246 533 309 he
556 244 668 311 Poe't’s
691 242 994 332 Autoba‘ography.
1179 257 1243 332 179

191 441 294 506 Tunc
309 463 459 529 quoque,
478 462 556 506 curn
574 463 643 527 pax
660 451 723 517 est,
741 441 911 525 trepidant
928 439 1110 506 formidine
1124 439 1219 516 belli,

236 548 313 612 Nec
329 549 510 635 quisquam
528 569 645 634 presso
661 567 799 611 vomere
816 548 927 610 sulcat
943 547 1099 610 humum.

191 653 263 719 Aut
274 654 377 728 videt,
390 665 448 719 aut
459 655 576 718 metuit
585 655 681 718 locus
693 653 761 728 hic,
774 673 875 739 quem
887 673 955 716 non
968 653 1072 727 videt,
1088 653 1219 717 hostem
1232 674 1241 727 3

236 759 359 825 Cessat
375 760 466 826 iners
483 760 596 847 rigido
613 773 702 824 terra
719 759 836 823 relicta
853 758 931 822 situ.
1209 787 1242 841 70

191 866 273 932 Non
290 866 346 931 hic
362 866 547 952 pampinea
565 865 673 930 dulcis
691 866 773 929 latet
788 885 855 928 uva
872 865 935 929 sub
951 866 1087 940 umbra,

235 972 313 1038 Nec
330 973 506 1037 cumulant
522 973 607 1036 altos
623 971 754 1035 fervida
773 982 882 1034 musta
899 971 1008 1036 lacus.

191 1079 299 1145 Poma
316 1092 421 1166 negat
438 1079 556 1166 regi03
581 1099 646 1142 nec
662 1078 803 1142 haberet
820 1076 999 1153 Acontius,
1017 1077 1052 1141 in
1070 1098 1137 1164 quo

236 1185 409 1251 Scriberet
425 1185 482 1250 hic
499 1184 658 1250 dominae
675 1184 779 1248 verba
796 1184 945 1271 legenda
963 1205 1059 1248 suae.
1107 1213 1111 1218 ·

190 1287 376 1374 Aspiceres
393 1289 503 1354 nudos
520 1288 594 1352 sine
612 1287 744 1363 fronde,
763 1287 836 1352 sine
853 1287 988 1363 arbore,
1006 1307 1169 1373 campos:
1208 1315 1240 1374 75

239 1395 318 1460 Heu
333 1397 409 1460 loca
425 1394 515 1460 felici
533 1415 601 1459 non
619 1394 777 1458 adeunda
793 1393 866 1459 viro
880 1393 900 1457 l'

191 1501 286 1589 Ergo
301 1513 370 1566 tarn
388 1501 455 1565 late
471 1512 585 1588 pateat
600 1521 678 1565 cum
700 1499 869 1564 maximus
886 1498 992 1575 orbiS,

238 1607 337 1674 Haec
353 1611 454 1675 estin
470 1628 618 1695 poenam
635 1619 725 1673 terra
741 1616 876 1693 reperta
892 1605 1029 1673 meam?

325 1953 356 2021 4.
388 1930 460 1998 The
482 1930 594 1998 Poet's
617 1928 693 1997 Aut
679 1929 907 2018 toba'ograpky
935 1929 999 2017 (.iv
1027 1929 1104 2020 10).

192 2146 351 2290 ILLE
342 2122 415 2234 ego
424 2167 482 2234 qui
473 2118 634 2224 'fueritin
652 2155 844 2212 tenerorum
862 2071 955 2211 lusor
972 2166 1140 2223 amorum,

256 2203 389 2348 [Qiern
406 2253 506 2342 legiS,
515 2264 562 2319 ¹ut
577 2237 690 2330 noris,·
687 2232 821 2342 accipe
837 2252 1037 2345 posteritas
1126 2271 1163 2310 t

191 2361 312 2429 Sulmo
330 2362 411 2426 mihi
428 2362 537 2448 patria
554 2372 616 2436 est,
635 2362 759 2450 gelidis
776 2362 967 2426 uberrimus
982 2361 1098 2436 undiS,

236 2471 336 2535 Milia
353 2470 410 2558 qui
428 2469 545 2535 novies
562 2469 664 2535 distat
680 2470 723 2535 ab
740 2469 834 2535 Urbe
851 2471 982 2534 decem.
1019 2470 1050 2510 ἐ

191 2577 312 2645 Editus
329 2579 409 2645 hinc
425 2599 492 2667 ego
509 2599 597 2654 sum,
617 2598 680 2643 nec
697 2599 765 2643 non
781 2589 818 2642 ut
832 2588 986 2664 tempora
1002 2575 1107 2653 noris,
1131 2641 1142 2660 ἱ
1227 2604 1242 2663 5
1278 2579 1321 2672 ps

3 2706 4 2719 ¹
113 2695 126 2767 l,
236 2685 327 2754 Cum
344 2687 466 2753 cecidit
481 2687 550 2752 sato
567 2687 687 2751 consul
704 2698 844 2774 uterque
861 2686 957 2771 pari:

60 2781 78 2878 3'
93 2769 161 2881 wa
183 2792 230 2876 ,Si
246 2795 328 2881 quid
344 2794 379 2861 id
395 2804 458 2870 est,
477 2778 586 2881 usque
604 2815 623 2859 a
641 2791 777 2879 proavis
794 2804 890 2858 vetus
908 2791 1036 2857 ordinis
1053 2791 1168 2868 hereo,

49 2928 68 2952 ··”
99 2909 122 2972 '2
236 2899 318 2966 Non
335 2902 436 2967 modo
452 2901 608 2968 fortunae
626 2923 767 2978 munere
784 2899 893 2967 factus
910 2921 1027 2987 eques.

191 3006 269 3074 Nec
285 3009 386 3094 stirps
402 3009 513 3094 prima
530 3009 600 3074 fui:
625 3003 741 3097 genito
759 3029 834 3074 sum
851 3007 953 3072 fratre
970 3018 1119 3082 creatus,
1156 3065 1163 3100 ζ

238 3113 309 3198 Qui
325 3115 432 3181 tribus
450 3127 527 3180 ante
543 3128 664 3201 quater
679 3116 853 3181 mensibus
870 3125 962 3180 ortus
979 3124 1063 3179 erat.
1211 3144 1243 3183 ιο

192 3219 333 3288 Lucifer
349 3222 526 3287 amborum
544 3222 714 3308 natalibus
730 3222 837 3288 adfuit
852 3222 965 3288 idern.

195 3328 318 3395 ‘tUna
335 3326 506 3422 celebrata
523 3339 574 3394 est
579 3350 652 3414 per
668 3329 735 3401 duo
752 3329 821 3394 liba
838 3330 923 3429 dies
1016 3353 1038 3382 ⁴-
1079 3338 1082 3349 ¹

194 3419 346 3500 Haecs
348 3434 556 3499 armiferae
561 3434 667 3508 sestis
685 3436 728 3501 de
744 3435 899 3532 quinque
897 3433 1106 3513 Minervae,

239 3445 524 3624 QuaeQfier'i'
446 3561 565 3631 pugna
583 3542 693 3626 prima
710 3554 850 3608 cruenta
867 3542 964 3609 solet
1050 3547 1063 3596 ἒ·

192 3645 351 3712 Protinus
369 3647 558 3712 excolimur
574 3647 695 3725 teneri,
714 3669 865 3735 curaque
881 3650 1031 3746 parentis
1211 3678 1241 3737 ις
1317 3645 1322 3654 ’

238 3753 332 3818 Imus
349 3752 418 3818 ad
409 3753 563 3842 insignes
578 3738 685 3821 Urbis
702 3756 749 3823 ab
762 3767 832 3820 arte
848 3756 951 3820 viros.

193 3858 313 3924 Frater
328 3858 374 3924 ad
390 3859 563 3945 eloquium
580 3860 858 3944 viriditendebat
874 3862 918 3926 ab
935 3881 1068 3942 aevo,
1113 3841 1117 3848 Ι

238 3964 353 4030 Fortia
370 3965 504 4029 verbosi
520 3976 619 4031 natus
637 3966 680 4031 ad
698 3987 794 4031 arma
810 3965 895 4043 fori3
