2790 4356
204 273 269 340 114
522 250 593 316 The
622 250 740 332 Chiess
763 258 802 315 at
831 248 867 314 T
862 271 937 337 roy.
1108 265 1254 336 [Merxu.

201 461 338 534 totaque
355 446 515 511 Peliacae
532 445 703 510 sternebat
720 445 871 530 cuspidis
887 445 956 508 ictu

203 556 487 640 agmina‚perque
500 553 591 616 acies
603 564 660 615 aut
668 550 833 638 Cygnum
846 563 904 614 aut
913 550 1063 615 Hectora
1071 572 1253 637 quaereus.

246 659 478 745 Congreditur
495 658 643 744 Cygno:
670 658 841 721 decimum
861 657 986 722 dilatus
1003 657 1036 719 in
1056 678 1183 720 annum

203 765 332 830 Hector
349 776 432 828 erat.
481 764 574 829 Turn
592 765 680 828 colla
693 763 780 851 jugo
797 763 979 827 candentia
996 784 1132 848 pressos

202 872 398 936 exhortatus
416 891 535 956 equOS,
555 891 691 934 currum
709 868 833 934 direxit
849 868 884 932 in
902 870 1048 943 hostem,

202 977 467 1064 concutiensque
484 976 554 1041 suis
570 976 738 1040 vibrantia
755 978 823 1041 tela
839 975 988 1052 lacertis,
1008 985 1010 989 ’
1103 1045 1105 1049 ,

203 1095 211 1124 ‘
228 1083 394 1169 Quisquis
411 1105 458 1158 es,
476 1083 508 1148 Ο
521 1083 682 1171 juvenis,’
699 1082 783 1146 dixit
801 1083 977 1146 ‘solamen
994 1081 1118 1146 habeto
1220 1097 1254 1150 80

202 1193 331 1267 mortis,
350 1191 394 1255 ab
413 1190 608 1254 Haemonio
624 1190 715 1276 quod
732 1189 778 1254 sis
791 1188 970 1276 jugulatus
985 1187 1150 1254 Achille?

201 1299 367 1362 hactenus
385 1295 576 1368 Aeacides:
602 1317 721 1360 vocem
739 1295 854 1382 gravis
873 1296 968 1360 hasta
986 1309 1104 1360 secuta
1121 1305 1182 1360 est.

202 1405 261 1469 sed
279 1426 487 1490 quamquam
506 1416 598 1468 certa
615 1403 728 1467 nullus
745 1401 806 1466 fuit
823 1423 916 1466 error
932 1402 966 1465 in
984 1403 1095 1477 hasta,

201 1512 248 1575 nit
266 1523 379 1574 tamen
398 1510 513 1574 emissi
531 1508 673 1594 profecit
690 1509 847 1573 acumine
866 1509 957 1584 ferri,

201 1630 303 1702 utque
322 1616 432 1684 hebeti
450 1629 569 1701 pectus
585 1615 819 1679 tantummodo
836 1616 987 1680 contudit
1005 1615 1083 1680 ictu.
1219 1633 1252 1704 ὃς

249 1723 364 1788 ‘Nate
383 1724 460 1798 dea,
480 1744 558 1810 nam
577 1733 609 1786 te
626 1721 718 1785 sama
736 1722 1003 1806 praenovimus‚'
1021 1721 1130 1809 inquit

201 1830 272 1904 ilie,
293 1830 399 1916 ‘quid
416 1851 435 1894 a
452 1829 550 1893 nobis
568 1830 692 1893 vulnus
710 1828 842 1893 miraris
859 1827 1003 1893 abesse?
1016 1829 1024 1855 ’
1037 1866 1082 1878 -
1177 1907 1185 1921 ι

201 1937 413 2001 mirabantur
430 1937 521 2000 enirn
533 1972 578 1984 -
594 1947 603 1974 ‘
619 1933 700 1999 Non
718 1935 817 2010 haec,
836 1956 941 2021 quam
959 1935 1085 2011 cernis,
1103 1935 1237 2023 equinis

119 2027 124 2040 ⁸
200 2041 293 2106 fulva
309 2042 399 2129 jubis
417 2042 536 2116 cassis
555 2063 666 2127 neque
683 2031 770 2106 onus
786 2061 872 2106 cava
890 2063 1010 2126 parma
1027 2042 1183 2108 sinistrae

201 2149 329 2214 auxilio
346 2148 429 2212 mihi
446 2160 544 2214 sunt:
569 2148 673 2212 decor
689 2160 739 2212 est
755 2148 928 2233 quaesitus
945 2149 988 2214 ab
1005 2148 1076 2213 istis
1090 2171 1099 2224 ;
1217 2185 1253 2240 90

201 2254 299 2320 Mars
315 2277 450 2343 quoque
468 2256 512 2320 ob
529 2255 594 2320 hoc
608 2275 732 2341 capere
749 2275 844 2318 arma
862 2254 957 2320 solet.
1004 2255 1253 2324 Removebitur

337 2362 437 2450 hujus
992 2385 994 2388 ·

200 2469 360 2556 tegminis
379 2467 551 2534 officium:
576 2454 690 2534 tamen
707 2469 923 2536 indestrictus
940 2472 1052 2538 abihu.

201 2590 251 2640 est
268 2576 409 2662 aliquid,
429 2597 497 2641 uon
515 2597 591 2640 esse
609 2590 718 2641 satum
736 2577 901 2654 Nereide,
920 2579 981 2645 sed
998 2579 1056 2666 qui

200 2681 384 2770 Nereaque
403 2695 435 2747 et
452 2696 549 2747 natas
566 2694 598 2748 et
614 2694 719 2747 totum
738 2697 902 2769 temperet
919 2687 1071 2773 aequor!

246 2789 354 2864 Dixit,
374 2802 407 2854 et
424 2791 606 2886 haesurum
626 2790 727 2875 clipei
744 2793 943 2858 curvamine
960 2794 1065 2858 telum
1217 2824 1250 2882 95

201 2897 292 2962 misit
309 2898 342 2961 in
360 2895 552 2971 Aeaciden,
571 2898 661 2983 quod
679 2908 712 2961 et
728 2919 787 2962 aes
804 2909 836 2962 et
852 2900 1009 2984 proxima
1027 2899 1117 2985 rupit

200 3015 297 3091 terga
316 3023 450 3068 novena
467 3004 585 3077 boum,
600 3003 734 3068 decimo
751 3013 864 3068 tamen
880 3006 960 3069 orbe
975 3019 1143 3072 moratum
1161 3018 1222 3076 est.

201 3110 328 3174 excutit
345 3111 410 3174 hoc
427 3110 540 3184 heros
560 3131 744 3196 rursusque
761 3110 940 3176 trementia
958 3111 1033 3176 sorti

200 3215 268 3279 tela
285 3236 388 3278 manu
405 3216 519 3279 torsit:
544 3237 661 3280 rursus
677 3216 751 3280 sine
767 3217 908 3282 vulnere
925 3239 1049 3304 corpus
1178 3286 1181 3292 ,

201 3321 441 3406 sincerumque
457 3321 538 3395 fuit3
564 3343 628 3386 nec
645 3323 741 3387 tertia
758 3325 873 3408 cuspis
890 3338 1043 3409 apertum
1202 3357 1253 3398 100

201 3439 234 3493 et
250 3449 286 3494 se
303 3428 523 3514 praebentem
540 3428 648 3492 valuit
664 3430 876 3517 destringere
893 3429 1072 3518 Cygnum.

200 3533 294 3597 haud
312 3553 410 3596 secus
427 3532 567 3606 exarsit,
586 3554 689 3617 quam
706 3532 798 3598 circo
815 3545 931 3599 taurus
948 3549 1080 3621 aperto,

201 3659 279 3703 cum
297 3659 358 3702 sua
375 3639 513 3702 terribili
531 3639 614 3724 petit
630 3639 817 3703 irritamina
833 3661 953 3717 cornu,
990 3653 994 3660 '

200 3744 384 3827 poeniceas
401 3757 525 3818 vestes,
544 3744 707 3830 elusaque
724 3747 867 3810 vulnera
884 3723 1001 3812 sensit.

246 3847 339 3910 Num
357 3861 471 3912 tamen
489 3850 653 3914 exciderit
671 3853 811 3926 ferrum,
831 3855 1035 3930 considerat,
1054 3857 1194 3923 hastae:

201 3952 364 4016 haerebat
380 3955 487 4040 ligno.
537 3967 546 3995 ⁴
563 3955 691 4022 Manus
708 3968 759 4022 est
775 3979 851 4024 mea
869 3960 989 4026 debilis
1006 3983 1103 4050 ergo,
