2752 4350
171 243 217 312 40
482 221 658 308 Pyramus
681 221 755 285 and
783 219 917 286 Thisbe.
1083 235 1225 306 [Morsu.

173 421 339 485 audacem
356 419 504 490 faciebat
521 440 625 484 amor.
672 417 777 482 Venit
793 438 875 482 ecce
891 415 1020 482 recenti

172 527 279 592 caede
296 527 417 592 leaena
433 526 537 590 boum
555 536 753 609 spumantes
770 524 873 588 oblita
891 524 1008 598 rictus,

172 633 367 718 depositura
384 632 473 696 sitim
489 631 592 696 vicini
610 632 711 696 sontis
728 631 762 694 in
779 632 885 694 unda.

171 762 276 826 quarn
293 740 411 824 procul
429 740 472 803 ad
490 739 591 803 lunae
608 737 722 802 radios
739 737 932 822 Babylonia
949 737 1082 803 Thisbe
1182 719 1189 734 ⁸

171 846 266 922 vidit,
286 857 318 910 et
334 846 516 911 obscurum
533 845 665 929 trepido
684 842 770 929 pede
788 843 876 930 fugit
893 843 927 908 in
946 857 1093 921 antrum,
1174 877 1225 917 100

172 955 322 1038 dumque
339 952 437 1039 sugit,
456 963 553 1037 tergo
570 951 742 1016 velamina
759 949 857 1034 lapsa
874 951 1019 1037 reliquit.

171 1071 207 1123 ut
224 1060 278 1124 lea
295 1080 399 1123 saeva
416 1057 506 1122 sitim
524 1058 630 1121 multa
648 1057 858 1152 compescuit
873 1060 979 1133 unda,

172 1169 254 1231 dum
271 1166 357 1230 redit
373 1165 408 1230 in
426 1165 542 1239 silvas
561 1163 717 1228 inventos
735 1164 819 1229 sorte
837 1165 910 1229 sine
928 1167 1001 1250 ipsa

170 1294 230 1338 ore
247 1282 422 1338 cruentato
439 1283 558 1336 tenues
576 1270 717 1335 laniavit
734 1271 889 1336 amictus.

217 1378 335 1444 Serius
353 1398 527 1465 egressus,
546 1376 692 1464 vestigia
708 1377 792 1442 vidit
808 1377 843 1441 in
860 1379 928 1443 alto
1175 1408 1224 1466 105

171 1487 312 1571 pulvere
329 1495 421 1548 certa
435 1485 541 1557 serae,
559 1494 694 1570 totoque
713 1485 878 1569 expalluit
894 1506 952 1549 ore

171 1591 352 1678 Pyramus.
399 1589 448 1656 Ut
462 1611 544 1654 vero
560 1602 689 1655 vestem
706 1611 842 1677 quoque
860 1591 1028 1679 sanguine
1044 1590 1185 1658 tinctam

170 1698 332 1783 repperit,
353 1695 456 1762 ‘Una
473 1697 578 1762 duos'
594 1697 702 1784 inquit
719 1709 811 1762 ‘nox
829 1701 947 1784 perdet
964 1711 1140 1764 amantesz

171 1826 191 1870 e
207 1804 330 1891 quibus
347 1802 405 1867 illa
421 1803 484 1868 suit
499 1804 604 1891 longa
622 1805 823 1891 dignissima
839 1806 921 1882 vita,

171 1903 287 1974 nostra
303 1931 431 1974 nocens
448 1911 564 1974 anima
580 1922 650 1976 est:
676 1933 741 1998 ego
758 1923 804 1987 te,
823 1913 1029 1988 miseranda,
1049 1911 1191 1998 peremi,

171 2017 208 2082 in
224 2018 300 2082 loca
318 2017 421 2102 plena
439 2027 548 2084 metus
564 2018 622 2105 qui
636 2019 722 2107 jussi
740 2031 838 2084 nocte
856 2020 1003 2095 venires,

171 2145 237 2189 nec
254 2123 346 2210 prior
362 2125 431 2190 huc
445 2125 537 2190 veni.
585 2121 750 2191 Nostrum
768 2125 917 2191 divellite
935 2147 1071 2212 corpus,

172 2242 205 2296 et
221 2231 386 2297 scelerata
403 2231 476 2297 sero
494 2231 682 2296 consumite
698 2231 831 2297 viscera
848 2254 975 2308 morsu,

171 2338 204 2405 Ο
221 2338 427 2425 quicumque
444 2340 507 2404 sub
525 2339 591 2403 hac
608 2325 766 2402 habitatis
783 2359 880 2422 rupe,
898 2340 1028 2405 leones.

112 2469 123 2481 ⁴
171 2444 232 2510 sed
249 2444 356 2509 timidi
375 2454 425 2509 est
440 2456 558 2528 optare
576 2443 719 2508 necem!
729 2442 959 2508 —Velamina
975 2444 1126 2512 Thisbes
1174 2475 1223 2533 115

170 2552 267 2627 tollit,
288 2562 321 2616 et
337 2552 380 2615 ad
398 2561 520 2635 pactae
536 2571 655 2615 secum
671 2549 736 2614 sert
753 2549 882 2616 arboris
899 2551 1069 2616 umbram.

169 2672 274 2746 utque
292 2659 384 2724 dedit
400 2667 500 2722 notae
517 2656 690 2731 lacrimas,
709 2656 803 2722 dedit
819 2658 936 2722 oscula
952 2657 1050 2734 vesti,

171 2765 323 2852 ‘Accipe
334 2764 442 2830 nunc’
452 2763 561 2850 inquit
572 2773 581 2802 ⁴
592 2762 697 2828 nostri
708 2784 843 2850 quoque
855 2763 1033 2850 sanguinis
1044 2765 1185 2832 haustus
1198 2765 1223 2831 l'

169 2895 305 2961 quoque
322 2883 394 2938 erat
410 2871 597 2946 accinctus,
615 2869 750 2934 demisit
766 2870 801 2934 in
817 2870 876 2934 ilia
892 2870 1039 2946 serrum3

168 3002 234 3046 nec
251 3002 360 3056 mora,
378 2978 522 3046 ferventi
540 2977 688 3043 moriens
705 2997 724 3041 e
740 2977 882 3041 vulnere
898 2977 1012 3042 traxit.
1172 3011 1221 3051 120

120 3076 125 3088 ’
213 3087 261 3152 Ut
273 3087 381 3174 jacuit
396 3086 578 3172 resupinus
596 3085 713 3161 humo,
733 3104 832 3148 cruor
849 3083 974 3148 emicat
990 3084 1077 3149 alte:

168 3215 234 3257 non
255 3193 364 3269 aliter,
382 3214 486 3280 quam
504 3213 582 3257 cum
599 3191 715 3256 vitiato
732 3191 844 3255 fistula
862 3190 1002 3275 plumbo

168 3299 346 3375 scinditur,
364 3309 397 3363 et
412 3298 505 3364 tenui
522 3299 684 3364 stridente
701 3297 868 3364 foramine
886 3298 1016 3386 longas¹

168 3406 357 3493 ejaculatur
374 3426 493 3492 aquas,
513 3416 613 3493 atque
630 3404 752 3471 ictibus
769 3411 849 3472 aera
865 3405 1005 3492 rumpit.

169 3511 301 3577 arborei
318 3511 405 3577 setus
422 3511 606 3599 aspergine
621 3511 738 3580 caedis
754 3512 790 3578 in
807 3524 917 3578 atram
1169 3542 1217 3600 125

167 3629 343 3683 vertuntur
358 3616 495 3694 faciem,
515 3617 776 3706 madefactaque
792 3619 962 3706 sanguine
979 3618 1080 3688 radix

169 3723 315 3809 puniceo
330 3724 455 3812 tinguit
470 3723 653 3808 pendentia
671 3745 766 3788 mora
783 3725 908 3790 colore.

215 3829 307 3894 Ecce
323 3840 415 3894 metu
431 3831 583 3894 nondum
600 3829 722 3914 posito,
742 3851 784 3894 ne
801 3831 898 3896 sallat
914 3846 1100 3911 amantem,

169 3934 229 3999 illa
245 3934 344 4011 redit,
357 3933 588 4024 juvenemque
605 3935 713 4000 oculis
730 3935 913 4025 animoque
929 3940 1082 4027 requirit,
