2790 4356
202 219 266 289 134
515 197 586 264 The
616 196 702 264 Tale
724 199 773 282 af
791 195 952 263 Galatea.
1108 215 1257 285 [Mareu.

201 399 303 475 adde,
321 397 413 483 quod
431 396 465 460 in
482 406 594 462 vestro
611 395 746 484 genitor
762 415 860 460 meus
878 415 1026 481 aequore
1042 403 1185 481 regnat:
1369 318 1374 470 i

200 505 293 579 hunc
308 503 367 570 tibi
386 503 429 568 do
447 524 617 567 socerum.
666 502 819 567 Tantum
836 501 1012 575 miserere,
1031 520 1220 587 precesque
1374 519 1375 596 l

200 610 364 698 supplicis
381 609 521 682 exaudi,
538 608 599 672 tibi
615 608 706 673 enim
724 607 979 672 succumbimus
995 606 1068 670 uni.
1374 607 1375 610 ’

200 719 327 806 quique
339 717 461 804 Jovem
479 726 513 780 et
529 715 664 779 caelum
682 735 806 798 sperno
823 724 856 778 et
872 712 1082 798 penetrabile
1099 711 1242 790 fulmen,

201 824 321 902 Nerei,
339 837 372 890 te
387 844 528 889 vereor:
555 832 613 886 tua
631 820 773 885 fulmine
790 819 925 884 saevior
941 818 992 908 ira
1009 830 1070 884 est.

248 931 386 1018 ‘Atque
403 953 469 1020 ego
486 938 702 1013 contemptus
719 947 832 992 essem
849 925 1030 1011 patientior
1047 925 1161 1014 hujus,

201 1038 228 1105 si
247 1038 384 1127 fugeres
400 1059 531 1104 omnes.
581 1034 653 1100 Sed
670 1054 731 1098 cur
748 1030 905 1120 Cyclope
918 1033 1059 1118 ,repulso
1201 1052 1256 1108 360

200 1144 292 1211 Acin
309 1143 428 1210 amas?
451 1143 672 1230 praefersque
690 1139 775 1206 meis
793 1139 1010 1226 amplexibus
1026 1139 1140 1206 Acin?

200 1251 258 1318 ille
274 1263 390 1317 tamen
407 1252 608 1338 placeatque
624 1247 702 1324 sibi,
722 1247 926 1334 placeatque
943 1246 1070 1323 licebit,

200 1359 293 1445 quod
308 1359 447 1436 nollem,
466 1357 626 1433 Galatea,
644 1354 717 1421 tibi.
766 1353 875 1420 Modo
891 1353 991 1440 copia
1007 1354 1126 1421 deturl

172 1529 175 1534 ,
201 1466 321 1532 sentiet
337 1487 412 1531 esse
430 1465 512 1530 mihi
528 1475 621 1530 tanto
639 1486 700 1550 pro
717 1484 861 1549 corpore
877 1463 987 1528 vires:

200 1574 332 1638 viscera
347 1573 427 1638 viva
442 1573 589 1647 traham,
607 1572 809 1659 divulsaque
827 1572 982 1636 membra
998 1592 1061 1657 per
1077 1593 1192 1660 agros,

200 1701 328 1767 perque
344 1689 419 1745 tuas
435 1679 712 1767 spargam-sic
728 1699 765 1744 se
782 1678 842 1744 tibi
859 1678 1001 1744 misceat
1013 1677 1021 1742 l
1032 1680 1210 1745 -undas

198 1806 280 1852 uror
295 1786 400 1862 enim,
418 1786 599 1873 laesusque
616 1796 796 1851 exaestuat
812 1785 924 1851 acrius
939 1785 1052 1873 ignis3

200 1914 346 1981 cumque
363 1893 433 1959 suis
449 1893 566 1959 videor
582 1895 782 1959 translatam
799 1893 928 1959 viribus
944 1893 1097 1959 Aetnam

198 2012 336 2088 pectore
353 2001 440 2066 ferre
458 2022 555 2085 meo:
580 2021 645 2066 nec
659 2011 710 2078 tu,
728 2000 888 2076 Galatea,
907 2001 1077 2068 moveris?

243 2108 345 2174 Talia
362 2107 570 2195 nequiquam
586 2118 784 2195 questus-
797 2129 879 2173 nam
898 2121 1021 2174 cuncta
1038 2108 1254 2175 videbam-

199 2215 321 2303 surgit‚
339 2226 372 2280 et
387 2227 424 2281 ut
439 2226 555 2279 taurus
570 2235 678 2279 vacca
694 2214 900 2281 furibundus
917 2215 1093 2301 adempta,

200 2322 289 2387 stare
305 2321 433 2409 nequit,
452 2321 605 2409 silvaque
622 2331 655 2386 et
670 2321 760 2387 notis
777 2322 920 2388 saltibus
937 2333 1047 2387 errat:

199 2449 277 2493 curn
294 2428 384 2493 ferus
401 2427 552 2516 ignaros,
570 2427 838 2515 necquicquam
854 2430 922 2494 tale
938 2429 1108 2505 timentes

199 2555 254 2599 me
270 2533 363 2600 videt
379 2547 478 2621 atque
496 2533 608 2609 Acin;
635 2534 792 2601 ‘Video’
808 2557 876 2622 que
893 2536 1067 2601 exclamat
1084 2547 1093 2576 ‘
1108 2546 1142 2602 et
1157 2534 1222 2602 ista

197 2641 317 2707 ultima
334 2640 388 2717 sit,
405 2641 544 2718 faciam,
562 2641 697 2707 veneris
715 2642 899 2708 concordia
916 2642 1074 2709 vestrae.’
1198 2661 1249 2728 875

196 2757 358 2836 tantaque
374 2771 456 2826 vox,
474 2759 637 2836 quantam
654 2748 808 2837 Cyclops
824 2750 931 2816 iratus
948 2751 1076 2816 habere
1137 2767 1140 2770 ·

198 2855 326 2933 debuit,
345 2855 405 2920 illa
420 2856 495 2921 suit.
544 2854 706 2922 Clamore
724 2857 917 2942 perhorruit
932 2856 1059 2933 Aetne,

198 2973 250 3028 ast
266 2984 332 3050 ego
347 2962 460 3029 vicino
476 2963 654 3049 pavefacta
672 2965 735 3030 sub
753 2987 903 3053 aequore
919 2986 1070 3052 mergor.

242 3068 361 3157 Terga
377 3068 482 3157 fugae
498 3071 639 3136 dederat
654 3092 823 3138 conversa
839 3070 1063 3161 Symaethius
1079 3070 1193 3147 heros,

197 3185 230 3240 et
248 3174 338 3240 ‘Fer
353 3196 468 3261 opem,
487 3175 647 3255 Galatea,
666 3200 801 3266 precor,
820 3179 925 3244 mihil
950 3179 1034 3244 ferte
1051 3175 1236 3264 parentes,'

197 3282 343 3357 dixerat,
363 3292 418 3347 ‘et
433 3285 553 3351 vestris
570 3287 759 3374 periturum
776 3289 940 3356 admittite
955 3288 1072 3376 regnis
1086 3284 1114 3351 l’

195 3387 384 3476 insequitur
400 3387 567 3478 Cyclops,
586 3405 786 3482 partemque
803 3416 822 3460 e
839 3406 954 3462 monte
969 3396 1143 3460 revulsam

195 3495 313 3571 mittit3
339 3507 373 3562 et
388 3509 561 3565 extremus
577 3501 735 3588 quamvis
751 3501 907 3587 pervenit
922 3502 966 3566 ad
975 3501 1080 3566 illum

196 3603 344 3690 angulus
359 3604 388 3670 is
406 3607 543 3682 montis,
562 3618 669 3672 totum
685 3618 801 3672 tamen
817 3608 929 3673 obruit
944 3606 1049 3673 Acin.

239 3704 286 3772 At
302 3732 377 3787 nos,
397 3713 489 3798 quod
506 3712 617 3777 solum
633 3713 707 3777 fieri
724 3734 786 3798 per
801 3713 870 3778 fata
886 3712 1023 3792 licebat,
1195 3731 1247 3802 885

193 3813 350 3892 fecimus,
368 3829 406 3882 ut
421 3817 512 3883 vires
528 3816 816 3884 assumeret·Acis
833 3819 952 3886 avitas.

193 3920 362 4005 puniceus
378 3921 421 3988 de
439 3922 527 3987 mole
544 3943 644 3988 cruor
660 3924 835 4002 manabat,
854 3935 888 3992 et
902 3925 990 3993 intra
