2752 4350
184 235 227 306 52
452 221 523 288 The
556 220 773 310 Wunderz'ng
792 223 840 308 of
859 219 973 288 Ceres.
1093 238 1238 310 [Merum.

183 427 217 481 et
233 426 377 481 matrem
394 428 427 482 et
443 417 596 494 comites,
615 419 676 483 sed
694 430 836 482 matrem
854 417 1005 502 saepius,
1023 438 1083 483 ore

183 523 329 598 clamat3
355 535 387 588 et
402 535 439 588 ut
454 545 589 588 summa
605 536 734 589 vestem
751 525 897 589 laniarat
914 524 957 588 ab
974 544 1048 600 ora,

184 629 317 695 collecti
333 629 435 694 flores
450 628 575 695 tunicis
592 630 748 695 cecidere
765 629 928 694 remissis.

182 746 344 822 tantaque
362 735 560 821 simplicitas
578 736 765 821 puerilibus
783 737 890 800 adsuit
906 736 1019 816 annis,
1182 723 1237 821 l00

182 841 270 906 haec
287 863 421 928 quoque
438 842 632 928 virgineum
649 842 753 906 movit
765 841 900 929 jactura
916 843 1081 908 dolorem.

228 946 362 1032 Raptor
379 947 451 1035 agit
468 969 600 1023 currus,
619 958 651 1012 et
667 947 805 1012 nomine
822 969 993 1036 quemque
1009 958 1150 1016 vocatos

183 1054 381 1118 exhortatur
397 1075 515 1140 equos,
534 1075 679 1140 quorum
697 1075 758 1139 per
774 1055 864 1119 colla
877 1053 1048 1142 jubasque

182 1160 309 1224 excutit
325 1162 471 1225 obscura
487 1160 610 1225 tinctas
626 1160 802 1248 ferrugine
819 1162 987 1226 habenas.

182 1287 311 1352 perque
327 1267 424 1332 lacus
441 1267 526 1332 altos
544 1278 576 1331 et
592 1267 719 1331 olentia
736 1267 865 1332 sulfure
882 1269 988 1332 fertur
1180 1299 1233 1356 405

181 1383 306 1456 stagna
322 1369 532 1446 Palicorum,
550 1382 651 1454 rupta
668 1370 835 1435 ferventia
850 1381 961 1445 terra;

182 1489 215 1541 et
229 1497 297 1563 qua
315 1475 549 1553 Bacchiadae,
567 1476 690 1540 bimari
707 1497 794 1564 gens
810 1488 882 1542 orta
900 1475 1080 1556 Corintho,

180 1582 268 1647 inter
283 1582 482 1668 inaequales
499 1595 685 1668 posuerunt
702 1583 836 1648 moenia
853 1595 982 1671 portus.

226 1688 288 1754 Est
305 1688 456 1754 medium
474 1687 615 1776 Cyanes
631 1701 665 1754 et
681 1687 825 1756 Pisaeae
842 1689 1051 1767 Arethusae,

180 1796 272 1882 quod
290 1795 357 1861 coit
373 1796 528 1883 angustis
544 1795 715 1861 inclusum
733 1796 893 1862 cornibus
909 1817 1050 1884 aequor.
1125 1851 1128 1858 .
1179 1828 1234 1881 410

180 1899 238 1964 hic
254 1899 328 1975 suit,
348 1919 367 1964 a
384 1900 483 1988 cujus
499 1912 660 1988 stagnum
677 1921 812 1988 quoque
829 1900 968 1966 nomine
984 1901 1112 1967 dictum
1130 1913 1193 1978 est,

179 2004 267 2072 inter
283 2005 454 2072 Sicelidas
470 2005 593 2093 Cyane
610 2006 833 2072 celeberrima
849 2007 1032 2093 nymphas.

180 2112 318 2201 gurgite
335 2133 424 2200 quae
442 2113 554 2179 medio
571 2133 705 2178 summa
722 2123 820 2178 tenus
838 2112 965 2177 exstitit
981 2114 1071 2189 alvo,

170 2219 387 2308 ‘agnovitque
404 2221 527 2286 deam:
553 2218 654 2284 ‘Nec
668 2218 806 2307 longius
823 2216 930 2284 ibitis'
946 2218 1075 2306 inquit;

180 2337 273 2392 ‘non
290 2339 386 2412 potes
403 2327 529 2392 invitae
546 2325 684 2394 Cereris
700 2346 809 2412 gener
824 2346 922 2390 esser
947 2326 1118 2413 roganda,
1178 2357 1232 2414 415

179 2455 247 2498 non
265 2433 432 2519 rapienda
449 2433 523 2498 suit.
573 2430 679 2516 Quod
695 2431 724 2496 si
741 2452 947 2516 componere
965 2432 1103 2520 magnis

178 2560 285 2627 parva
303 2538 386 2604 mihi
402 2538 454 2605 sas
471 2549 534 2615 est,
552 2550 584 2605 et
601 2559 655 2604 me
671 2537 790 2604 dilexit
805 2536 961 2623 Anapist

179 2659 319 2713 exorata
335 2658 463 2722 tamen,
482 2666 559 2721 nec,
576 2655 615 2711 ut
630 2646 731 2721 haec,
748 2644 908 2711 exterrita
925 2644 1050 2730 nupsi!

179 2753 276 2829 dixit,
294 2765 328 2819 et
344 2753 379 2818 in
397 2763 510 2838 partes
526 2751 680 2818 diversas
696 2751 858 2816 bracchia
874 2752 1019 2817 tendens

177 2859 315 2927 obstitit.
365 2859 471 2924 Haud
488 2860 576 2924 ultra
592 2857 700 2924 tenuit
716 2856 898 2923 Saturnius
914 2857 1015 2934 iram,
1177 2890 1231 2943 4²0

177 2966 412 3052 terribilesque
429 2967 580 3031 hortatus
597 2985 704 3051 equos
719 2963 755 3029 in
771 2963 917 3051 gurgitis
934 2964 1004 3029 ima

178 3085 368 3138 contortum
384 3071 499 3137 valido
516 3083 688 3157 sceptrum
705 3069 823 3158 regale
841 3071 967 3135 lacerto

177 3179 340 3244 condidit.
390 3178 462 3243 Icta
477 3177 569 3243 viam
586 3178 687 3243 tellus
703 3177 739 3242 in
755 3177 902 3242 Tartara
919 3177 1012 3255 fecit,

177 3295 210 3350 et
227 3305 351 3370 pronos
369 3305 488 3349 currus
506 3283 618 3350 medio
635 3295 765 3349 cratere
782 3282 924 3368 recepit.

221 3391 269 3457 At
284 3389 406 3479 Cyane
423 3400 625 3477 raptamque
641 3390 742 3455 deam
759 3399 1023 3476 contemptaque
1039 3388 1141 3456 sontis
1173 3420 1226 3478 425

171 3497 250 3587 jura
267 3497 319 3565 sui
336 3518 507 3573 maerens,
525 3496 769 3562 inconsolabile
786 3497 911 3562 vulnus

176 3617 289 3670 mente
305 3605 393 3692 gerit
408 3603 523 3679 tacita,
542 3601 760 3688 lacrimisque
777 3602 966 3668 absumitur
981 3601 1115 3678 omnis;

176 3721 209 3774 et
224 3731 368 3796 quarum
386 3711 496 3776 suerat
513 3729 677 3796 magnum
694 3709 797 3773 modo
813 3730 954 3785 numen,
972 3709 1008 3775 in
1024 3709 1102 3776 illas

176 3826 379 3880 extenuatur
394 3836 512 3902 aquas.
562 3813 691 3878 Molliri
709 3815 863 3879 membra
878 3815 1027 3893 videres,

175 3941 253 3988 ossa
268 3920 339 4007 pati
355 3921 477 3997 flexus,
496 3939 631 4008 ungues
647 3920 803 4006 posuisse
819 3919 992 4009 rigorem:
1172 3954 1227 4008 430
