2790 4356
162 193 227 284 15'6
530 194 680 263 Skorter
703 195 838 263 Poems.
1093 213 1203 286 [Fssrr

158 394 265 460 Alma
281 392 395 469 Pales,
415 393 533 458 faveas
550 392 698 479 pastoria
715 415 814 458 sacra
831 394 982 473 canenti,

205 499 398 586 Prosequor
414 498 526 564 officio
542 499 570 564 si
588 511 645 564 tua
663 500 748 564 festa
764 499 834 586 pio.

159 607 262 673 Certe
278 626 345 692 ego
363 605 406 669 de
422 606 528 669 vitulo
544 605 695 671 cinerem
712 606 923 694 stipulasque
939 608 1063 678 fabalis
1161 638 1212 698 725

205 714 319 798 Saepe
336 712 397 778 tull
414 712 517 797 plena
537 703 807 798 (februa'casta)
827 736 947 780 manu.

159 820 262 887 Certe
280 841 346 907 ego
361 819 516 884 transilui
532 819 660 904 positas
676 831 727 885 ter
743 820 778 885 in
795 823 915 889 ordine
931 823 1102 902 flammas,

204 926 352 1012 Udaque
369 937 499 992 roratas
516 926 633 991 laurea
651 926 742 992 misit
759 950 880 1016 aquas.

159 1033 256 1099 Mota
273 1035 339 1098 dea
355 1043 418 1108 est,
436 1032 599 1119 operique
617 1031 729 1100 favet:
753 1038 935 1104 navalibus
951 1037 1020 1115 exi,

203 1139 354 1227 Puppis!
379 1141 507 1206 habent
525 1154 641 1208 ventos
654 1143 727 1233 jam
744 1165 823 1210 mea
839 1146 916 1211 vela
932 1165 1023 1210 suos.
1160 1172 1212 1230 730

158 1247 189 1324 I,
208 1261 284 1334 pete
301 1249 469 1338 virginea,
488 1252 649 1338 populus,
669 1251 827 1319 suffimen
845 1249 888 1318 ab
906 1273 986 1317 ara:

202 1355 310 1422 Vesta
326 1357 440 1432 dabit3
464 1357 593 1424 Vestae
611 1381 753 1426 munere
770 1382 876 1446 purus
894 1361 972 1426 eris.

158 1461 310 1553 Sanguis
327 1466 405 1553 equi
423 1465 581 1532 suffimen
598 1467 674 1542 erit,
692 1467 856 1554 vitulique
874 1467 1004 1543 favilla,

201 1571 321 1637 Tertia
337 1594 391 1638 res
408 1574 515 1638 durae
533 1575 671 1638 culmen
687 1573 790 1638 inane
808 1574 922 1638 sabae.

157 1675 291 1754 Pastor,
309 1702 390 1745 oves
407 1693 541 1745 saturas
559 1681 603 1745 ad
619 1681 729 1766 prima
747 1679 950 1766 crepuscula
966 1678 1095 1745 lustra:
1160 1707 1210 1768 735

202 1785 307 1851 Unda
323 1786 418 1873 prius
435 1799 589 1875 spargat,
607 1788 775 1875 virgaque
791 1797 905 1851 verrat
920 1787 1076 1852 humum.

156 1892 187 1958 F
188 1895 351 1960 rondibus
367 1905 401 1959 et
415 1895 493 1959 fixis
511 1897 714 1960 decorentur
729 1893 833 1960 ovilia
849 1892 968 1971 ramis,

202 1999 247 2066 Et
259 2011 355 2090 tegat
369 2012 507 2067 ornatas
524 2002 630 2090 longa
647 2019 774 2066 corona
791 2000 894 2066 sores.

156 2106 319 2173 Caerulei
335 2109 418 2174 fiant
433 2109 512 2174 vivo
529 2109 572 2174 de
588 2109 752 2194 sulphure
770 2107 868 2184 fumi,

200 2213 379 2305 Tectaque
396 2213 541 2282 fumanti
558 2215 722 2301 sulphure
738 2215 831 2280 balet
845 2213 932 2280 ovis.
1159 2241 1211 2298 740

155 2321 229 2388 Ure
245 2345 358 2389 mares
374 2324 482 2399 oleas,
500 2323 720 2408 taedamque,
739 2321 932 2407 herbasque
948 2319 1110 2397 Sabinas,
1145 2323 1151 2334 ’

202 2429 246 2494 Et
261 2442 377 2515 crepet
391 2431 427 2494 in
445 2430 566 2494 mediis
583 2429 700 2493 laurus
717 2428 838 2493 adusta
855 2426 953 2492 focis.

156 2533 314 2622 Libaque
331 2537 375 2601 de
392 2535 485 2600 milio
502 2533 586 2599 milii
605 2533 735 2600 fiscella
752 2543 933 2621 sequeturz

202 2641 347 2707 Rustica
364 2641 550 2728 praecipue
567 2652 619 2706 est
634 2642 701 2706 hoc
719 2641 784 2705 dea
801 2640 892 2704 laeta
908 2639 998 2705 cibo.

157 2745 259 2814 Adde
272 2750 380 2834 dapes
392 2749 641 2834 mulctramque
654 2768 749 2824 suas,
764 2746 978 2833 dapibusque
991 2741 1129 2812 resectis
1157 2773 1208 2834 7⁴5

203 2856 403 2922 Silvicolam
419 2856 535 2942 tepido
552 2856 641 2921 lacte
659 2874 801 2940 precare
817 2852 939 2918 Palen.

164 2960 310 3028 Consule
329 2964 423 3054 (dic)
436 2964 563 3052 pecori
568 2961 714 3048 part'ter
723 2960 932 3048 pecorisque
945 2957 1144 3046 magistros:

201 3069 368 3158 Efficgzot
382 3070 526 3136 stabulis
541 3089 633 3134 noxa
651 3066 792 3155 repulso
809 3065 905 3131 mez's.

157 3176 242 3245 Sive
256 3202 356 3245 sacro
367 3181 471 3267 pavi,
487 3180 603 3244 sedzoe
617 3179 678 3244 sub
695 3177 823 3242 arbore
838 3193 953 3250 sacru,

202 3287 409 3374 Pabuloque
422 3308 440 3350 e
456 3285 562 3351 bustis
578 3286 686 3350 inscia
703 3284 837 3371 carpsit
851 3282 944 3360 ovts;
1159 3307 1212 3365 730

158 3391 205 3460 Su·
217 3415 334 3460 nemus
350 3388 488 3458 intravi
499 3394 653 3468 vetulum,
672 3389 1006 3475 nostresvesugutae

204 3500 296 3566 Sunt
311 3501 416 3566 oculis
432 3499 615 3586 nymphae,
634 3500 866 3584 semz'coperve
881 3496 964 3559 deus
970 3514 985 3574 ‚·

159 3605 205 3672 δι’
217 3631 291 3672 mco
300 3608 387 3690 falx
402 3627 501 3671 ramo
517 3605 630 3670 lucum
646 3605 813 3690 spoliavit
829 3609 950 3689 opaco,

211 3712 310 3778 Unde
325 3714 408 3776 data
425 3720 474 3775 est
489 3732 618 3795 aegrae
621 3709 752 3794 fiscina
765 3709 906 3786 frondis
922 3707 999 3787 ovi,·

158 3817 221 3883 Da
236 3820 373 3880 vens'om
389 3817 524 3902 culpae,
542 3837 616 3889 nec,
633 3815 714 3879 dum
731 3814 982 3900 degrandinat,
1000 3813 1089 3880 obsit
1159 3839 1209 3898 755

203 3920 449 4008 Agrestifauo
464 3921 682 4008 supposuisse
690 3925 810 4008 pecus.
