2790 4356
182 212 227 282 94
255 141 257 145 Ι
468 189 546 258 The
568 190 686 256 Deatk
711 192 760 276 τῇ
771 191 956 258 Hercules.
1092 212 1234 284 [Mem

182 409 338 477 pascere,
356 397 389 453 et
404 388 495 453 hanc
511 397 641 475 pestem
658 398 789 474 specta,
808 390 967 466 crudelis,
988 391 1031 456 ab
1049 391 1130 470 alto,

181 516 308 582 corque
324 495 434 560 ferum
451 495 548 560 satia.
596 494 663 560 Vel
681 495 708 560 si
726 496 942 562 miserandus
961 507 994 562 et
1011 498 1100 565 hosti

181 604 248 668 hoc
264 613 360 667 aestu
375 600 435 666 tibi
452 623 541 678 sum,
561 602 642 667 diris
660 603 868 686 cruciatibus·
884 625 1026 692 aegram

180 709 394 796 invisamque
411 708 562 774 animam
580 719 762 796 natamque
780 710 953 778 laboribus
972 714 1080 781 aufer.
1185 737 1233 790 180

181 841 272 884 mors
286 817 369 882 mihi
381 839 506 882 munus
520 817 602 882 erit:
620 817 718 883 decet
731 820 818 884 haec
837 821 920 886 dare
935 823 1025 888 dona
1038 843 1234 890 novercam.

154 969 160 982 -
181 947 265 1014 ergo
282 947 348 1013 ego
365 924 559 990 foedantem
576 925 760 1012 peregrino
781 929 909 1015 templa
928 950 1048 997 cruore

180 1032 318 1098 Busirin
335 1030 474 1098 domui?
497 1053 669 1119 saevoque
687 1033 849 1100 alimenta
867 1036 1018 1121 parentis
1044 1097 1049 1105 .

179 1138 316 1206 Antaeo
333 1137 463 1224 eripui?
489 1159 552 1205 nec
570 1136 624 1203 me
641 1141 786 1224 pastoris
807 1141 929 1208 Hiberi

180 1247 290 1313 forma
306 1246 442 1332 triplex,
461 1265 526 1311 nec
542 1245 653 1311 forma
670 1247 795 1335 triplex
811 1261 883 1327 tua,
901 1249 1065 1329 Cerbere,
1085 1251 1211 1318 movit?

179 1376 299 1431 vosne,
318 1375 454 1428 manus,
471 1355 577 1420 validi
595 1357 764 1441 pressistis
782 1374 909 1422 cornua
926 1357 1036 1424 tauri?

159 1449 167 1462 ’
180 1471 329 1527 vestrum
343 1482 429 1546 opus
447 1460 519 1528 Elis
534 1463 649 1540 habet,
665 1475 814 1528 vestrum
830 1462 1089 1550 Stymphalides
1102 1466 1229 1544 undae,

180 1567 472 1654 Partheniumque
490 1569 634 1635 nemus?
657 1583 769 1636 vestra
786 1570 908 1636 virtute
924 1571 1052 1638 relatus

179 1674 494 1740 Thermodontiaco
512 1678 663 1742 caelatus
679 1678 812 1742 balteus
830 1698 926 1753 auro,

180 1805 352 1871 pomaque
369 1784 412 1849 ab
430 1783 577 1850 insomni
595 1785 827 1850 concustodita
844 1783 1015 1851 dracone?
1184 1817 1234 1874 190

180 1913 245 1958 nec
262 1891 345 1958 mihi
363 1891 526 1960 Centauri
544 1903 683 1978 potuere
700 1891 869 1966 resistere,
889 1913 954 1957 nec
970 1892 1018 1957 mi

179 1999 354 2068 Arcadiae
370 2011 521 2067 vastator
537 1997 641 2086 aper?
664 2019 729 2065 nec
745 1999 870 2085 profuit
886 1999 1020 2094 hydrae

180 2129 335 2175 crescere
351 2130 413 2196 per
429 2109 607 2183 damnum,
626 2106 851 2194 geminasque
868 2127 1040 2172 resumere
1057 2105 1171 2174 vires?

180 2217 275 2304 quid,
297 2238 375 2283 cum
392 2216 541 2282 Thracis
558 2236 662 2302 equos
680 2214 832 2278 humano
849 2212 1019 2300 sanguine
1036 2213 1185 2303 pingues

180 2326 351 2411 plenaque
368 2325 567 2411 corporibus
584 2319 706 2387 laceris
723 2320 903 2407 praesepia
920 2319 1003 2395 vidi,
1183 2351 1231 2409 195

179 2431 322 2517 visaque
339 2432 461 2520 dejeci,
480 2430 724 2515 dominumque
742 2427 902 2514 ipsosque
920 2425 1073 2512 peremi?

180 2537 234 2604 his
250 2538 334 2602 elisa
347 2538 439 2626 jacet
456 2539 563 2604 moles
580 2535 757 2601 Nemeaea
775 2533 932 2609 lacertis;

180 2644 246 2709 hac
263 2644 398 2709 caelum
415 2645 548 2710 cervice
564 2642 639 2710 tuli.
688 2641 834 2708 Defessa
847 2641 999 2729 jubendo
1017 2650 1068 2708 est

175 2772 284 2816 saeva
296 2750 391 2838 Jovis
407 2751 579 2840 conjunx:
604 2773 671 2840 ego
688 2771 762 2816 sum
779 2748 971 2814 indefessus
988 2747 1137 2836 agendo.
1170 2777 1172 2780 ·

180 2859 241 2924 sed
257 2879 347 2925 nova
363 2859 467 2944 pestis
485 2861 593 2936 adest,
612 2858 667 2925 cui
684 2878 749 2923 nec
764 2857 887 2921 virtute
902 2855 1027 2932 resisti,
1179 2887 1231 2927 200

179 2986 245 3030 nec
260 2965 335 3032 telis
352 2966 523 3052 armisque
541 2976 662 3051 potest.
714 2964 938 3030 Pulmonibus
957 2972 1047 3030 errat

179 3072 270 3160 ignis
286 3074 376 3138 edax
393 3072 482 3146 imis,
501 3094 630 3160 perque
646 3095 767 3138 omnes
784 3071 934 3158 pascitur
951 3082 1055 3136 artus.

180 3190 214 3244 at
229 3180 321 3244 valet
337 3177 571 3265 Eurystheusl
597 3178 640 3243 Et
657 3191 747 3254 sunt,
765 3178 824 3276 qui
842 3178 982 3243 credere
998 3176 1130 3262 possint

179 3306 255 3350 esse
272 3283 394 3350 deos?’
441 3284 549 3360 Dixit,
568 3307 696 3372 perque
714 3286 819 3350 altum
838 3283 975 3351 saucius
992 3282 1104 3350 Oeten

122 3463 125 3467 ,
180 3393 273 3458 haud
290 3392 386 3457 aliter
403 3392 568 3479 graditur,
587 3414 690 3478 quam
707 3393 736 3457 si
753 3393 926 3458 venabula
943 3402 1060 3458 taurus
1178 3419 1229 3478 205

180 3520 321 3585 corpore
337 3499 407 3562 fixa
424 3509 532 3586 gerat,
553 3497 700 3584 factique
717 3499 882 3587 refugerit
897 3510 1026 3564 auctor.

180 3625 282 3689 saepe
299 3604 395 3668 illum
412 3605 559 3692 gemitus
575 3606 745 3679 edentem,
764 3627 868 3690 saepe
885 3606 1101 3682 frementem,

180 3731 284 3794 saepe
300 3722 560 3795 retemptantem
576 3722 662 3776 totas
678 3711 867 3798 refringere
883 3724 1008 3790 vestes,

180 3825 454 3903 sternentemque
470 3817 596 3892 trabes,
614 3816 886 3905 irascentemque
903 3819 1039 3886 videres

182 3920 365 3998 montibus,
384 3933 442 3986 aut
457 3922 566 4009 patrio
582 3923 777 3988 tendentem
794 3923 957 3990 bracchia
974 3925 1085 3992 caelo.
1180 3957 1233 3999 κιο
