2752 4350
186 226 231 315 84
484 227 555 294 The
584 203 800 314 Calydonida
824 227 940 293 Huni.
1092 245 1237 317 [Mrrxn.

185 444 251 489 nec
267 444 384 489 morat
408 424 491 492 dum
508 425 628 499 saevit,
646 426 729 490 dum
747 445 890 510 corpora
906 434 1020 490 versat
1035 422 1072 490 in
1088 427 1221 505 orbem,

187 530 452 618 stridentemque
469 553 557 597 novo
574 553 733 616 spumam
750 552 828 596 cum
846 530 1016 618 sanguine
1033 531 1156 608 fundit,

186 636 336 702 vulneris
354 649 471 703 auctor
488 639 596 713 adest,
616 638 816 723 hostemque
833 637 940 702 irritat
957 638 1000 702 ad
1018 637 1118 714 iram,

186 742 434 830 splendidaque
444 745 613 810 'adversos
630 745 800 809 venabula
819 743 934 808 condit
949 743 984 808 in
1002 764 1129 811 armos.

186 849 314 936 gaudia
331 859 495 914 testantur
511 850 593 916 socii
611 851 760 915 clamore
777 850 942 925 secundo,
1184 882 1238 935 420

185 955 428 1042 victricemque
444 967 562 1042 petunt
578 957 719 1021 dextrae
736 956 946 1043 conjungere
964 957 1134 1022 dextram.

186 1061 441 1148 immanemque
458 1062 567 1127 serum
585 1064 691 1126 multa
707 1063 827 1127 tellure
840 1061 1012 1150 jacentem

186 1169 348 1234 mirantes
365 1179 539 1254 spectant;
564 1190 675 1255 neque
693 1149 806 1233 adhuc
823 1169 1024 1256 contingere
1040 1180 1149 1235 tutum

185 1295 261 1340 esse
279 1285 411 1361 putant,
429 1275 490 1340 sed
506 1275 574 1340 tela
589 1286 704 1340 tamen
720 1295 782 1340 sua
800 1274 944 1361 quisque
963 1287 1130 1340 cruentat.

185 1381 258 1468 ipse
275 1382 363 1468 pede
379 1381 536 1468 imposito
554 1393 656 1467 caput
672 1381 844 1448 exitiabile
861 1383 997 1468 pressit,
1184 1413 1236 1471 425

186 1502 286 1575 atque
303 1489 370 1553 itas
397 1487 526 1554 ‘Sume
544 1489 611 1553 mei
628 1488 790 1574 spolium,
808 1486 998 1565 Nonacria,
1014 1488 1120 1576 juris’

185 1596 271 1661 dixit
288 1595 393 1661 ‘etin
411 1607 540 1681 partem
559 1595 673 1660 veniat
690 1616 766 1660 mea
783 1595 894 1682 gloria
910 1594 1050 1684 tecum!

185 1703 339 1788 protinus
355 1700 511 1777 exuvias,
529 1700 649 1790 rigidis
666 1701 837 1767 horrentia
854 1703 956 1768 saetis

184 1820 282 1896 terga
298 1810 369 1881 dat,
389 1817 422 1874 et
437 1808 574 1896 magnis
591 1808 740 1895 insignia
756 1808 915 1874 dentibus
931 1829 1004 1874 ora.

230 1916 284 1980 llli
301 1915 449 1982 laetitiae
466 1927 516 1981 est
532 1937 609 1981 cum
628 1936 769 1980 munere
787 1915 937 1981 muneris
954 1926 1092 1991 auctor;
1184 1947 1238 2002 430

183 2023 338 2090 invidere
355 2022 425 2099 alii,
444 2034 580 2109 totoque
597 2034 669 2087 erat
686 2022 824 2109 agmine
842 2043 1009 2086 murmur.

184 2153 204 2198 e
219 2130 343 2219 quibus
358 2131 489 2220 ingenti
506 2132 684 2198 tendentes
699 2131 863 2197 bracchia
879 2152 964 2196 voce

185 2238 303 2306 ‘Pone
320 2260 401 2327 age,
419 2259 484 2304 nec
499 2239 612 2305 titulos
629 2237 806 2323 intercipe,
825 2237 967 2313 semina,
985 2237 1134 2304 nostros’

182 2344 393 2412 Thestiadae
409 2346 576 2420 clamant,
596 2355 732 2410 ‘necte
749 2344 877 2409 fiducia
894 2344 1025 2410 formae
1085 2345 1088 2352 '

184 2451 345 2537 decipiat,
363 2471 407 2516 ne
423 2452 465 2516 sit
481 2451 584 2538 longe
600 2450 661 2516 tibi
678 2462 797 2536 captus
815 2471 931 2516 amore
1181 2480 1234 2538 4³5

184 2558 339 2623 auctor’:
365 2568 397 2622 et
414 2557 494 2622 huic
510 2557 664 2622 adimunt
680 2578 817 2632 munus,
831 2557 888 2645 jus
906 2557 1055 2624 muneris
1072 2555 1134 2624 illi.

183 2686 252 2729 non
268 2664 354 2740 tulit,
374 2675 406 2729 et
421 2663 551 2729 tumida
567 2663 728 2729 frendens
746 2663 937 2729 Mavortius
953 2665 1017 2742 ira,

185 2780 195 2811 ‘
208 2770 352 2846 Discite,
368 2782 521 2855 raptores
539 2769 659 2834 alieni’
674 2770 761 2835 dixit
779 2781 787 2810 ‘
801 2771 953 2846 honoris,

183 2878 272 2942 sacta
290 2875 391 2942 minis
407 2869 573 2964 quantum
589 2876 714 2942 distent
725 2878 753 2953 ς’
770 2877 949 2965 hausitque
967 2877 1116 2944 nefando

183 2995 322 3068 pectora
338 2983 511 3070 Plexippi,
530 2983 577 3049 nil
593 2985 660 3049 tale
671 2983 844 3060 timentia,
864 2983 965 3051 serro.
1181 3015 1235 3070 440

182 3088 317 3165 Toxea,
336 3090 417 3176 quid
434 3090 537 3156 saciat
552 3089 707 3166 dubium,
726 3091 918 3177 pariterque
934 3092 1106 3159 volentem

182 3195 302 3260 ulcisci
319 3195 457 3260 fratrem
474 3195 692 3282 fraternaque
705 3197 776 3262 sata
792 3197 981 3270 timentem,

183 3302 278 3367 haud
294 3301 417 3387 patitur
434 3302 588 3368 dubitare
606 3303 677 3378 diu,
697 3303 916 3390 calidumque
931 3304 1037 3390 priori

183 3409 290 3473 caede
306 3407 480 3474 recalfecit
495 3408 642 3474 consorti
659 3409 827 3496 sanguine
845 3411 963 3476 telum.

229 3514 330 3581 Dona
347 3516 449 3582 deum
465 3515 614 3602 templis,
633 3527 712 3582 nato
727 3516 869 3593 victore,
888 3517 1030 3594 serebat,
1181 3549 1233 3606 445

183 3643 261 3686 cum
279 3622 371 3687 videt
386 3623 570 3688 exstinctos
586 3622 707 3688 fratres
724 3621 873 3688 Althaea
889 3625 1020 3690 referri.

183 3749 271 3815 quae
288 3730 455 3816 plangore
465 3730 551 3810 *dato
568 3729 706 3794 maestis
723 3730 930 3796 clamoribus
947 3732 1068 3798 urbem

182 3834 315 3920 implet,
332 3846 366 3901 et
381 3837 507 3902 auratis
524 3835 666 3901 mutavit
681 3835 832 3901 vestibus
848 3847 952 3902 atras.

183 3951 218 4006 at
233 3939 334 4006 simul
349 3951 400 4008 est
416 3953 535 4010 auctor
551 3941 645 4014 necis
662 3941 786 4018 editus,
805 3941 933 4008 excidit
948 3943 1061 4011 omnis
