2752 4350
163 249 202 306 v.
217 248 290 322 ³9⁶]
391 233 606 321 Proserpina
629 233 659 297 is
680 233 788 298 stolon
812 232 855 319 by
877 232 995 299 Pluto.
1170 248 1210 321 51

163 429 377 517 depositique
394 444 516 507 metus,
535 431 627 496 videt
643 432 736 494 hunc
753 429 905 517 Erycina
921 440 1108 517 vagantem

124 585 130 592 .
163 551 279 622 monte
295 559 356 602 suo
372 538 537 613 residens,
556 549 741 622 natumque
760 537 920 622 amplexa
937 539 1111 602 volucrem

166 641 298 735 ‘Arma
317 664 505 730 manusque
523 663 633 718 meae,
654 664 743 717 mea,
762 653 854 718 nate,
873 643 1047 727 potentia,'
1063 643 1149 709 dixit

165 748 261 824 ‘illa,
278 750 401 836 quibus
417 771 559 834 superas
576 770 708 822 omnes,
728 769 813 833 cape
830 750 910 824 tela,
929 748 1079 836 Cupido,

163 851 267 938 inque
284 852 337 917 dei
355 863 472 937 pectus
489 853 617 917 celeres
634 852 753 916 molire
771 851 926 938 sagittas,

164 958 219 1022 cui
236 958 376 1043 triplicis
393 959 494 1024 cessit
509 959 643 1024 fortuna
661 957 846 1023 novissima
862 957 974 1044 regni.

161 1074 199 1128 tu
216 1085 357 1149 superos
373 1065 554 1152 ipsumque
565 1065 702 1152 Jovem‚
720 1075 756 1128 tu
773 1064 913 1129 numina
930 1063 1024 1150 ponti

161 1170 253 1235 victa
269 1171 401 1247 domas,
420 1171 601 1258 ipsumque
618 1171 705 1259 regit
720 1171 779 1256 qui
796 1170 937 1235 numina
954 1171 1077 1256 ponti.¹
1162 1202 1214 1258 370

161 1275 309 1342 Tartara
326 1278 409 1364 quid
425 1276 582 1343 cessant?
607 1297 667 1342 cur
683 1299 752 1341 non
771 1277 954 1362 matrisque
971 1289 1135 1367 tuumque

157 1383 344 1468 imperium
361 1383 514 1470 profers?
538 1384 650 1472 agitur
667 1404 746 1468 pars
762 1383 860 1448 tertia
877 1383 1006 1448 mundi.

162 1501 325 1556 ettamen
344 1491 378 1556 in
395 1492 505 1567 caelo,
523 1512 613 1578 quae
626 1491 698 1579 jam
715 1490 879 1575 patientia
895 1501 1011 1554 nostra
1028 1501 1091 1569 est,

162 1598 369 1682 spernimur,
387 1619 428 1662 ac
444 1619 580 1662 mecum
597 1598 687 1662 vires
705 1597 902 1662 minuuntur
917 1596 1070 1664 Amoris.

115 1725 118 1729 ·
161 1703 307 1769 Pallada
324 1726 437 1770 nonne
454 1705 550 1769 vides
562 1703 868 1792 jaculatricemque
886 1703 1037 1770 Dianam
1160 1733 1211 1792 375

161 1810 369 1876 abscessisse
386 1809 492 1876 mihi?
515 1810 652 1876 Cereris
669 1831 803 1897 quoque
820 1811 891 1876 filia
906 1811 1018 1899 virg0,

161 1917 190 1982 si
207 1917 388 2002 patiemur,
407 1918 489 1993 erit3
514 1937 594 1982 nam
613 1939 692 2003 spes
710 1917 858 1982 adfectat
874 1919 1027 1984 easdem.

162 2034 196 2089 at
211 2035 260 2100 tu,
279 2046 340 2109 pro
357 2024 449 2090 socio
469 2024 585 2112 (siqua
602 2035 654 2089 est
669 2045 711 2088 ea
728 2026 856 2111 gratia)
878 2045 1000 2112 regno,

156 2131 267 2220 junge
283 2131 384 2196 deam
401 2131 547 2216 patruo.'
593 2130 689 2195 Dixit
705 2129 844 2205 Venus;
870 2132 927 2196 ille
943 2133 1140 2217 pharetram

160 2239 273 2313 solvit,
285 2239 478 2316 et,arbitrio
496 2238 624 2313 matris
643 2239 685 2303 de
706 2238 797 2303 mille
815 2238 946 2325 sagittis
1159 2257 1212 2324 380

159 2366 265 2408 unam
283 2344 446 2430 seposuit,
466 2345 526 2410 sed
542 2365 612 2432 qua
628 2364 693 2410 nec
710 2345 840 2410 acutior
856 2345 940 2421 ulla,

159 2472 225 2518 nec
243 2451 354 2518 minus
371 2451 501 2517 incerta
519 2463 581 2527 est,
600 2472 665 2517 nec
682 2471 771 2539 quae
788 2452 902 2539 magis
918 2452 1036 2519 audiat
1051 2473 1163 2520 arcus.
1196 2474 1198 2478 ·

159 2558 383 2644 oppositoque
401 2579 493 2646 genu
510 2558 665 2624 curvavit
680 2557 795 2623 flexile
812 2579 941 2624 cornu:

158 2663 263 2752 inque
280 2685 339 2731 cor
354 2667 493 2732 hamata
509 2666 677 2752 percussit
694 2667 860 2733 arundine
877 2667 1004 2733 Ditem.

207 2773 312 2840 Haud
328 2775 447 2858 procul
466 2772 644 2840 Hennaeis
662 2774 759 2840 lacus
775 2785 827 2840 est
843 2794 863 2837 a
880 2775 1059 2840 moenibus
1075 2774 1178 2854 altae,

158 2881 297 2948 nomine
314 2881 461 2968 Pergus,
479 2901 602 2968 aquae.
651 2878 733 2946 Non
749 2880 808 2945 illo
824 2881 922 2966 plura
939 2879 1105 2967 Caystros

158 2989 313 3054 carmina
331 3009 516 3075 cycnorum
534 2988 727 3052 labentibus
744 2989 837 3053 audit
853 2988 888 3051 in
904 2989 1018 3053 undis.

158 3094 246 3160 silva
263 3106 402 3160 coronat
419 3115 527 3181 aquas
544 3094 688 3182 cingens
705 3095 793 3159 latus
809 3115 924 3170 omne,
943 3095 1082 3182 suisque

158 3200 336 3266 frondibus
352 3211 389 3266 ut
403 3201 480 3266 velo
497 3199 677 3266 Phoebeos
694 3201 872 3266 submovet
888 3201 998 3290 ignes.

157 3307 288 3396 frigora
304 3309 388 3374 dant
403 3308 504 3384 rami,
521 3307 648 3396 Tyrios
666 3308 791 3374 humus
809 3309 950 3374 humida
965 3308 1088 3374 flores=
1157 3339 1209 3396 390

157 3427 360 3499 perpetuum
376 3436 437 3480 ver
453 3425 515 3481 est.
565 3413 646 3499 Quo
663 3415 743 3480 dum
761 3413 967 3501 Proserpina
983 3416 1062 3482 luco

157 3520 256 3597 ludit,
275 3531 308 3586 et
324 3531 381 3586 aut
396 3521 505 3588 violas
523 3531 580 3587 aut
596 3522 744 3586 candida
761 3521 831 3587 lilia
848 3522 969 3607 carpit,

157 3627 308 3714 dumque
325 3628 469 3713 puellari
486 3627 597 3693 studio
614 3628 836 3715 calathosque
853 3628 1033 3714 sinumque

115 3734 119 3740 '
156 3733 288 3817 implet,
307 3745 340 3798 et
357 3735 518 3821 aequales
536 3744 641 3800 certat
657 3755 820 3820 superare
836 3736 998 3823 legendo,

156 3859 269 3924 paene
286 3839 385 3904 simul
402 3841 475 3905 visa
493 3851 543 3904 est
558 3841 750 3926 dilectaque
767 3852 932 3926 raptaque
951 3840 1042 3904 Diti:
1153 3869 1204 3927 395

156 3947 369 4033 usqueadeo
386 3957 437 4012 est
452 3957 653 4032 properatus
670 3967 777 4014 amor.
827 3946 904 4012 Dea
920 3947 1034 4012 territa
1051 3957 1182 4012 maesto
