2790 4356
158 260 247 314 xl11.
262 262 335 335 345]
363 294 367 302 -
571 249 791 316 Philoctetes.
937 271 939 274 ·
1145 263 1207 334 127

158 437 323 506 crimina:
346 443 491 523 vidistis,
509 446 685 532 pretioque
701 446 835 534 objecta
851 445 1026 533 patebant.

203 544 281 612 Nec
297 547 530 618 Poeantiaden
547 554 638 640 quod
656 554 759 618 habet
773 553 947 618 Vulcania
963 552 1129 631 Lemnos

159 673 235 718 esse
250 674 329 720 reus
346 658 475 722 merui:
500 659 628 724 sactum
646 659 818 724 defendite
833 670 1006 736 vestrum3

158 761 377 828 consensistis
394 764 497 829 enim.
547 763 625 830 Nec
642 769 696 830 me
713 765 862 830 suasisse
879 768 1031 855 negabo,
1156 799 1187 853 3¹
1192 798 1207 850 ς

157 876 194 931 ut
209 887 246 931 se
263 868 474 937 subtraheret
488 871 638 958 bellique
654 871 798 958 viaeque
815 871 937 951 labori,

156 983 403 1062 temptaretque
420 977 510 1043 leros
526 977 643 1064 requie
661 977 768 1042 lenire
786 979 943 1045 dolores:

156 1079 281 1165 paruit,
299 1091 333 1146 et
348 1082 441 1148 vivit.
490 1083 572 1148 Non
588 1084 676 1148 haec
693 1085 859 1150 sententia
876 1097 1007 1151 tantum

156 1187 240 1261 fida,
258 1188 318 1252 sed
334 1199 368 1253 et
384 1189 487 1265 feli'x3
513 1210 592 1254 cum
610 1189 653 1281 sit
668 1191 761 1266 satis,
781 1213 857 1257 esse
873 1193 1025 1259 fidelem.

156 1293 259 1380 quem
275 1294 437 1379 quoniam
453 1306 549 1361 vates
566 1297 713 1362 delenda
727 1299 770 1364 ad
788 1297 960 1387 Pergama
977 1309 1133 1386 poscunt,
1155 1331 1207 1385 3²0

156 1421 200 1466 ne
217 1401 379 1466 mandate
396 1402 500 1466 mihi:
527 1403 649 1468 melius
665 1402 890 1470 Telamonius
907 1405 981 1482 ibit,

156 1506 360 1595 eloquioque
376 1508 487 1572 virum
505 1509 632 1574 morbis
648 1509 766 1597 iraque
783 1511 951 1577 furentem

156 1614 298 1689 molliet,
317 1625 375 1680 aut
391 1615 505 1701 aliqua
523 1617 688 1701 producet
703 1617 849 1684 callidus
865 1629 950 1684 arte.

156 1732 235 1786 ante
252 1732 341 1787 retro
358 1720 486 1788 Simois
502 1722 597 1798 fluet,
615 1734 648 1788 et
664 1723 737 1790 sine
754 1724 930 1792 frondibus
949 1726 1012 1792 Ide

156 1828 269 1904 stabit,
289 1838 322 1893 et
338 1829 503 1894 auxilium
521 1830 690 1915 promittet
705 1829 843 1896 Achaia
858 1831 1000 1920 Trojae,
1155 1864 1205 1921 325

155 1956 275 2023 quam,
294 1946 450 2000 cessante
467 1957 544 2002 meo
561 1957 623 2022 pro
639 1937 759 2002 vestris
776 1949 912 2022 pectore
929 1941 1044 2017 rebus,

155 2041 276 2131 Ajacis
294 2042 405 2108 stolidi
423 2043 556 2108 Danais
573 2043 722 2108 sollertia
738 2045 855 2129 prosit.

157 2149 204 2215 sis
219 2149 299 2214 licet
314 2147 455 2214 infestus
473 2149 589 2224 sociis,
607 2150 763 2237 regique,
782 2151 948 2238 mihique,

157 2257 242 2322 dure
259 2255 468 2321 Philoctetes
493 2255 572 2321 licet
588 2277 780 2332 exsecrere,
800 2279 984 2344 meumque
1083 2302 1087 2306 -

156 2364 328 2429 devoveas
344 2363 418 2428 sine
435 2363 503 2428 line
520 2373 635 2448 caput,
655 2363 840 2450 cupiasque
857 2364 986 2431 dolenti
1155 2397 1208 2452 330

157 2490 213 2534 me
229 2469 288 2534 tibi
304 2469 388 2534 sorte
405 2469 493 2546 dari,
511 2479 732 2556 nostrumque
749 2469 886 2534 haurire
903 2491 1082 2548 eruorem3

155 2587 260 2663 utque
276 2571 324 2642 tui
340 2575 437 2651 mihi,
456 2575 506 2642 sic
522 2576 582 2640 liat
597 2575 656 2641 tibi
673 2576 771 2660 copia
788 2577 892 2642 nostri
906 2599 915 2642 r

156 2690 189 2748 te
205 2693 320 2747 tamen
337 2682 536 2770 aggrediar,
556 2703 759 2769 mecumque
774 2683 940 2750 reducere
956 2684 1065 2762 nitar3

155 2798 296 2875 tamque
311 2789 376 2854 tuis
393 2789 516 2874 potiar,
534 2789 648 2854 faveat
666 2789 829 2864 Fortuna,
848 2791 994 2878 sagittis,

156 2914 261 2981 quam
278 2914 354 2959 sum
371 2891 562 2968 Dardanio,
580 2914 682 2980 quem
700 2893 789 2977 cepi,
807 2904 884 2958 vate
901 2895 1045 2978 potitus3
1155 2925 1206 2982 335

156 3020 261 3087 quam
277 3019 442 3085 responsa
459 3000 561 3065 deum
577 2999 798 3088 Trojanaque
816 2999 884 3064 sata
901 2999 1028 3076 retexi3

156 3127 260 3193 quam
277 3105 375 3191 rapui
392 3105 568 3194 Phrygiae
584 3101 723 3194 signum
740 3106 915 3191 penetrale
932 3105 1112 3174 Minervae

157 3212 311 3278 hostibus
327 3233 346 3277 e
362 3213 496 3279 mediis.
545 3213 590 3278 Et
605 3234 642 3279 se
660 3213 743 3279 mihi
760 3223 937 3298 comparat
951 3212 1067 3302 Ajax?

156 3340 281 3404 nempe
298 3319 376 3406 capi
392 3318 533 3409 Trojam
551 3318 778 3404 prohibebant
793 3320 863 3384 sata
879 3320 952 3385 sine
970 3319 1048 3385 illis.

203 3425 337 3491 ‘Fortis
353 3425 412 3491 ubi
428 3437 479 3492 est
494 3423 610 3514 Ajax?
635 3425 693 3490 ubi
710 3437 788 3491 sunt
803 3426 956 3514 ingentia
974 3425 1093 3515 magni
1154 3457 1207 3512 340

155 3531 262 3598 verba
277 3531 364 3597 viri?
388 3553 449 3597 cur
464 3533 521 3597 hic
539 3529 681 3596 metuis?
706 3552 767 3596 cur
784 3533 886 3598 audet
903 3532 1026 3599 Ulixes

156 3638 206 3704 ire
222 3659 285 3724 per
300 3637 477 3713 excubias,
495 3650 528 3703 et
543 3658 580 3702 se
597 3636 807 3702 committere
823 3637 936 3703 nocti?

157 3767 286 3833 perque
302 3746 393 3812 seros
409 3765 508 3810 enses
525 3764 593 3808 non
610 3751 741 3807 tantum
759 3744 895 3807 moenia
912 3743 1059 3822 Troum,

155 3873 275 3918 verum
292 3851 395 3917 etiam
411 3849 563 3917 summas
580 3869 677 3913 arces
693 3846 831 3922 intrare,
850 3870 981 3936 suaque

156 3956 288 4046 eripere
305 3959 391 4026 aede
407 3959 521 4033 deam,
538 3966 740 4042 raptamque
756 3953 892 4020 adferre
907 3976 970 4042 per
986 3957 1124 4026 hostes?
1153 3988 1204 4045 345
