2790 4356
157 216 221 284 126
378 218 532 305 Rz'valry
555 218 602 304 of
615 215 715 304 Ajax
737 217 812 282 and
839 213 986 302 Ulysses.
1058 230 1203 303 [Mercu.

154 416 231 505 quis
247 415 331 481 fuit?
355 427 405 481 est
422 415 552 480 Hector
567 414 713 480 violatus
729 415 871 478 vulnere
889 414 996 478 nullo.

202 535 211 564 ‘
228 523 288 587 Me
305 523 467 588 miserum
482 521 489 586 l
515 533 642 608 quanto
659 541 765 608 cogor
782 520 978 584 meminisse
995 518 1113 584 dolore
1154 534 1206 588 280

154 631 317 715 temporis
334 630 438 703 illius,
456 651 524 714 quo
541 628 686 693 Graium
704 648 835 700 muruS,
853 625 1010 690 Achilles

156 735 356 822 procubuitl
382 757 447 800 nec
465 757 518 800 me
536 735 699 800 lacrimae
716 735 869 798 luctusve
886 732 1030 798 timorve

155 845 344 918 tardarunt,
363 842 446 929 quin
463 863 587 927 corpus
603 841 708 906 humo
724 840 870 905 sublime
887 839 1063 904 referrem.

157 951 210 1016 his
227 951 391 1026 humeris,
406 949 472 1024 his,
487 948 640 1035 inquam,
655 947 806 1012 humeris
819 968 886 1035 ego
902 967 1025 1032 corpus
1042 943 1204 1020 Achillis,

156 1069 189 1122 et
205 1057 307 1123 simul
324 1078 421 1122 arma
437 1056 511 1131 tuli,
530 1076 619 1142 quae
635 1075 727 1120 nunc
743 1075 879 1141 quoque
896 1053 984 1118 serre
1001 1052 1132 1118 laboro.
1154 1067 1204 1136 285

119 1168 122 1172 ’
203 1164 314 1229 ‘Sunt
331 1163 427 1238 mihi,
446 1183 534 1250 quae
550 1162 689 1227 valeant
704 1160 739 1225 in
755 1160 837 1225 talia
854 1159 1020 1244 pondera,
1037 1159 1148 1233 vires3

157 1282 207 1335 est
224 1272 357 1336 animus
374 1282 466 1335 certe
481 1281 612 1334 vestros
628 1288 790 1332 sensurus
807 1268 967 1332 honores.

157 1378 285 1442 scilicet
301 1377 429 1442 idcirco
446 1397 507 1461 pro
523 1386 629 1464 gnato
646 1375 784 1440 caerula
802 1383 916 1451 mater

157 1484 337 1548 ambitiosa
353 1505 416 1549 suo
432 1482 506 1556 fuit,
525 1493 563 1547 ut
576 1481 739 1547 caelestia
755 1480 860 1557 dona,

158 1591 238 1655 artis
254 1612 340 1675 opus
358 1602 484 1664 tantae,
503 1588 597 1653 rudis
614 1599 647 1652 et
662 1588 737 1652 sine
753 1597 889 1672 pectore
905 1585 1005 1652 miles
1155 1615 1208 1672 ²90

156 1695 334 1761 indueret?
359 1717 470 1782 neque
487 1696 579 1760 enim
597 1695 698 1780 clipei
715 1693 908 1759 caelamina
925 1692 1025 1769 norit,

158 1802 337 1866 Oceanum
355 1813 388 1866 et
403 1814 525 1876 terras,
543 1822 690 1888 cumque
708 1802 776 1865 alto
793 1800 904 1865 sidera
923 1800 1033 1875 caelo,

157 1906 398 1996 Pleiadasque,
440 1907 667 1996 Hyadasque,
709 1906 965 1994 immunemque
1005 1904 1163 1994 aequoris

291 2014 437 2091 Arcton,

159 2123 379 2210 diversasque
396 2124 511 2199 urbes,
529 2121 743 2208 nitidumque
760 2119 897 2187 Orionis
914 2141 1044 2186 ensem.

158 2230 306 2315 postulat
322 2241 358 2295 ut
374 2230 487 2316 capiat
502 2250 591 2316 quae
608 2250 677 2294 non
693 2228 861 2315 intellegit
876 2248 986 2292 arma.
1156 2255 1208 2314 ²95

205 2346 214 2377 ‘
232 2335 327 2423 Quid
343 2338 433 2423 quod
450 2357 518 2410 me,
537 2335 612 2400 duri
629 2335 816 2424 fugientem
834 2355 977 2400 munera
992 2331 1086 2410 belli,

160 2442 274 2528 arguit
289 2442 448 2526 incoepto
464 2462 578 2506 serum
597 2441 784 2506 accessisse
801 2441 922 2516 labori,

160 2569 225 2613 nec
240 2569 277 2613 se
296 2546 519 2634 magnanimo
536 2548 744 2613 maledicere
761 2547 862 2613 sentit
877 2543 1030 2612 Achilli?
1052 2580 1061 2588 -

160 2655 188 2719 si
205 2653 384 2719 simulasse
401 2674 505 2718 vocas
522 2654 665 2729 crimen,
684 2654 921 2720 simulavimus
938 2653 1061 2726 amb03

160 2759 188 2823 si
207 2778 301 2822 mora
318 2778 380 2841 pro
397 2758 499 2843 culpa
517 2769 581 2832 est,
598 2779 666 2845 ego
682 2780 759 2823 sum
777 2758 940 2822 maturior
956 2757 1034 2821 illo.·
1158 2784 1210 2840 30⁰

161 2885 216 2928 me
233 2863 288 2949 pia
305 2864 448 2929 detinuit
464 2865 628 2952 conjunx,
647 2865 705 2949 pia
722 2877 830 2928 mater
844 2862 1041 2938 Achillem3

161 2970 339 3057 primaque
356 2983 435 3035 sunt
450 2971 517 3036 illis
534 2973 613 3036 data
629 2983 796 3056 tempora,
815 2982 928 3036 cetera
944 2969 1055 3035 vobis.

162 3075 255 3141 haud
271 3076 387 3151 timeo,
406 3076 434 3141 si
447 3075 519 3164 jam
538 3098 671 3163 nequeo
685 3077 872 3142 defendere
888 3077 1018 3141 crimen

162 3203 240 3246 curn
255 3193 350 3247 tanto
367 3203 548 3247 commune
564 3183 650 3248 viro.
699 3182 899 3268 Deprensus
916 3181 1030 3248 Ulixis

161 3288 302 3376 ingenio
316 3300 433 3353 tamen
449 3288 520 3364 ille,
539 3300 573 3353 at
589 3311 658 3354 non
675 3289 794 3376 Ajacis
810 3289 945 3355 Ulixes.
1159 3316 1209 3375 305

208 3405 217 3436 ‘
233 3394 333 3460 Neve
349 3395 384 3460 in
401 3417 455 3460 me
472 3396 614 3460 stolidae
632 3396 786 3464 convicia
801 3396 945 3461 sundere
961 3394 1103 3482 linguae

163 3502 372 3566 admiremur
388 3522 480 3577 eum,
497 3501 596 3566 vobis
612 3523 747 3589 quoque
763 3503 871 3589 digna
887 3501 1018 3588 pudore

162 3607 276 3673 obicit.
325 3593 383 3673 An
400 3607 486 3673 falso
502 3606 714 3673 Palameden
730 3607 872 3672 crimine
887 3619 986 3693 turpe

163 3730 344 3775 accusasse
361 3711 457 3787 mihi,
475 3711 573 3776 vobis
589 3712 772 3785 damnasse
789 3712 951 3778 decorum
969 3709 1041 3777 est?

163 3815 224 3881 sed
239 3836 352 3902 neque
367 3815 583 3902 Naupliades
599 3817 732 3882 facinus
749 3817 933 3884 defendere
949 3828 1081 3884 tantum
1159 3848 1211 3903 310

161 3929 300 4008 tamque
316 3931 438 4006 patens
454 3923 572 4006 valuit,
588 3944 653 3989 nec
668 3944 730 3989 vos
746 3923 887 3990 audistis
903 3924 940 3989 in
956 3924 1015 3989 illo
