2790 4356
158 292 225 348 xv.
240 293 313 365 834]
419 273 567 364 Jupiter
575 273 745 361 soretells
767 273 821 338 his
850 273 973 362 Glory.
1144 290 1205 363 151

157 489 194 554 in
211 489 375 576 templum
392 488 521 578 gladii;
545 509 658 577 neque
674 487 767 553 enim
783 486 880 555 locus
896 489 987 553 ullus
1003 488 1039 552 in
1055 487 1152 555 Urbe

160 597 205 661 ad
221 595 354 661 facinus
370 597 546 682 diramque
563 596 688 681 placet,
707 595 772 660 nisi
788 595 897 671 curia,
916 594 1071 659 caedem.

160 711 232 767 tum
248 723 329 768 vero
342 701 520 790 Cytherea
537 722 641 766 manu
658 701 827 786 percussit
843 712 986 787 utraque

161 819 293 894 pectus,
313 819 345 873 et
360 808 512 873 aetheria
529 808 665 873 molitur
681 808 830 872 condere
847 807 952 881 nube,

161 936 229 1002 qua
246 915 340 1002 prius
356 915 477 981 infesto
494 914 592 980 Paris
609 925 660 980 est
675 924 812 999 ereptus
828 913 986 992 Atridae,
1158 933 1209 1004 805

162 1033 196 1087 et
212 1021 420 1088 Diomedeos
436 1021 575 1088 Aeneas
592 1021 728 1109 fugerat
744 1041 855 1086 enses.

207 1128 352 1194 Talibus
369 1131 459 1194 hanc
476 1129 630 1217 genitor:
656 1139 665 1169 ⁶
682 1127 766 1194 Sola
783 1128 1014 1214 insuperabile
1031 1130 1151 1208 fatum,

163 1246 257 1312 nata,
276 1257 412 1301 movere
429 1234 553 1322 paras?
576 1236 681 1300 intres
699 1234 779 1299 licet
794 1235 869 1321 ipsa
885 1259 1039 1303 sororum

163 1353 252 1408 tecta
268 1342 389 1408 trium!
414 1364 534 1408 cernes
551 1343 621 1406 illic
637 1341 812 1408 molimine
829 1355 925 1411 vasto

164 1470 209 1515 ex
226 1470 304 1515 aere
321 1460 354 1515 et
370 1450 478 1516 solido
495 1455 606 1513 rerum
623 1448 791 1514 tabularia
808 1450 910 1526 ferro,
1161 1469 1213 1522 810

164 1577 254 1644 quae
270 1577 381 1643 neque
398 1576 602 1621 concursum
620 1555 720 1631 caeli,
740 1578 851 1644 neque
867 1558 1019 1624 fulminis
1036 1558 1136 1636 iram,
1182 1581 1185 1587 ’

165 1684 230 1729 nec
246 1673 400 1728 metuunt
416 1663 504 1728 ullas
520 1672 591 1726 tuta
609 1672 709 1748 atque
727 1675 865 1729 aeterna
879 1666 1009 1731 ruinas.

165 1769 320 1835 invenies
336 1769 407 1835 illic
422 1768 531 1834 incisa
549 1768 731 1834 adamante
750 1771 891 1856 perenni

166 1877 236 1943 fata
251 1876 299 1942 tui
316 1876 475 1964 generis:
500 1874 569 1962 legi
588 1875 660 1960 ipse
677 1876 860 1964 animoque
877 1878 1006 1955 notavi,

166 1994 201 2050 et
215 1985 376 2059 referam,
394 2004 437 2048 ne
455 1981 500 2047 sis
519 1981 705 2047 etiamnum
723 1984 845 2071 ignara
862 1985 976 2050 futuri.
1165 2002 1215 2071 815

213 2101 223 2132 ‘
240 2081 309 2156 Hic
324 2110 387 2155 sua
404 2089 600 2174 complevit,
618 2112 775 2177 proquo,
795 2091 981 2178 Cytherea,
1000 2091 1149 2168 laboras,

167 2208 322 2283 tempora
338 2195 498 2282 perfectis
514 2218 600 2282 quos
617 2209 726 2263 terrae
743 2199 858 2264 debuit
874 2199 985 2265 annis.

168 2316 205 2371 ut
220 2305 305 2370 deus
322 2303 465 2368 accedat
481 2304 577 2369 caelo
593 2305 796 2391 templisque
815 2305 956 2381 locetur,

168 2423 205 2477 tu
220 2411 326 2476 facies
343 2420 511 2496 natusque
529 2431 622 2485 suus,
642 2410 700 2497 qui
718 2410 864 2476 nominis
882 2413 1004 2477 haeres

168 2518 364 2605 impositum
381 2517 467 2582 feret
482 2537 570 2581 unus
587 2538 687 2592 onus,
707 2518 890 2603 caedisque
907 2518 1058 2603 parentis
1167 2536 1221 2589 820

169 2648 232 2692 nos
248 2625 284 2690 in
300 2624 391 2690 bella
409 2643 488 2689 suos
504 2622 706 2689 fortissimus
724 2625 813 2689 ultor
823 2625 979 2689 habebit.

169 2733 260 2798 illius
277 2729 438 2816 auspiciis
455 2730 615 2795 obsessae
632 2729 767 2795 moenia
785 2752 906 2816 pacem

169 2841 259 2906 victa
275 2849 393 2927 petunt
409 2837 588 2913 Mutinae3
613 2835 793 2902 Pharsalia
810 2839 931 2903 sentiet
946 2838 1064 2913 illum;

170 2948 400 3036 Emathiaque
416 2947 538 3012 iterum
555 2944 740 3009 madefient
756 2944 862 3008 caede
879 2942 1051 3029 Philippi3

171 3066 205 3122 et
221 3076 386 3144 magnum
403 3053 530 3120 Siculis
547 3072 672 3118 nomen
690 3051 903 3136 superabitur
919 3050 1041 3125 undis3
1170 3067 1220 3136 825

171 3162 391 3251 Romanique
407 3161 505 3227 ducis
522 3160 674 3247 conjunx
691 3156 866 3245 Aegyptia
882 3157 1005 3222 taedae

171 3292 242 3336 non
257 3269 345 3336 bene
361 3268 424 3334 fisa
441 3268 561 3332 cadet:
586 3265 778 3353 frustraque
797 3264 859 3329 erit
875 3263 934 3328 illa
951 3265 1093 3342 minata,

172 3375 338 3444 servitura
354 3396 416 3440 suo
433 3372 605 3459 Capitolia
621 3386 736 3438 nostra
756 3370 914 3456 Canopo.

219 3479 341 3565 ‘Quid
356 3481 414 3545 tibi
431 3479 638 3555 barbariem,
657 3489 778 3565 gentes
797 3479 839 3542 ab
857 3489 999 3563 utroque
1013 3477 1166 3564 jacentes

173 3589 316 3656 Oceano
331 3585 532 3652 numerem?
559 3584 812 3672 Quodcumque
831 3583 1018 3649 habitabile
1035 3583 1136 3648 tellus
1172 3602 1224 3669 830

173 3695 328 3770 sustinet,
346 3693 447 3781 hujus
464 3692 546 3767 erit3
571 3701 694 3776 pontus
710 3711 846 3777 quoque
863 3690 987 3756 serviet
1004 3690 1064 3755 illi.

173 3821 260 3890 pace
277 3801 356 3866 data
372 3797 482 3875 terris,
502 3797 654 3862 animum
672 3796 716 3861 ad
733 3797 846 3861 civilia
863 3806 970 3861 vertet

172 3907 249 4000 jura
265 3927 379 3981 suum,
397 3906 562 3992 legesque
580 3905 663 3970 feret
676 3903 883 3992 justissimus
900 3914 1039 3969 auctore

174 4012 402 4101 exemploque
419 4033 481 4078 suo
499 4031 610 4078 mores
627 4020 736 4099 reget,
755 4009 858 4098 inque
875 4009 979 4075 futuri
