2752 4350
196 217 241 280 62
421 211 493 281 The
516 211 606 280 Sans
626 211 806 299 1οῙΝίοόε
829 234 893 277 are
914 212 1019 277 clarit.
1103 230 1248 302 [Merum.

241 410 431 500 Adjectura
446 431 567 496 preces
583 419 656 475 erat
672 408 725 474 his
741 407 878 474 Latona
893 408 1031 474 relatis:

196 518 329 598 Bestiae
344 517 505 582 Phoebus
522 515 588 590 ait3
607 522 745 603 poenae
759 537 859 580 mora
875 515 981 602 longa
997 515 1154 602 querella
1170 524 1232 582 est.

197 625 283 690 dixit
297 624 389 689 idem
405 622 567 696 Phoebe3
592 620 763 708 celerique
779 642 841 707 per
857 627 938 686 aera
954 622 1054 707 lapsu

197 731 412 819 contigerant
426 727 504 794 tecti
521 726 715 794 Cadmeida
732 727 879 792 nubibus
896 738 1023 792 arcem.

197 839 322 924 planus
338 847 410 902 erat
424 835 560 922 lateque
577 845 698 920 patens
715 855 822 919 prope
839 834 975 899 moenia
993 855 1151 920 campuS,

198 943 351 1010 adsiduis
367 944 520 1029 pulsatus
538 941 648 1028 equis,
667 939 725 1005 ubi
742 941 841 1005 turba
858 950 1009 1006 rotarum

198 1052 353 1137 duraque
369 1049 537 1115 mollierat
552 1047 723 1136 subjectas
739 1046 872 1134 ungula
889 1047 1022 1135 glebas.
1197 1077 1252 1119 220

243 1157 329 1224 Pars
344 1157 391 1222 ibi
409 1157 451 1222 de
468 1167 597 1242 septem
615 1153 741 1242 genitis
757 1151 956 1239 Amphione
974 1153 1076 1221 fortes

199 1264 433 1330 conscendunt
447 1264 483 1328 in
498 1284 617 1350 equos,
635 1261 812 1348 Tyrioque
829 1260 984 1326 rubentia
1001 1283 1084 1328 suco

197 1382 296 1459 terga
312 1381 483 1457 premunt,
501 1389 652 1456 auroque
668 1389 794 1456 graves
812 1369 1030 1433 moderantur
1047 1369 1224 1436 habenas:

198 1499 217 1544 e
234 1479 355 1565 quibus
372 1477 540 1552 Ismenos,
558 1475 616 1563 qui
633 1475 731 1540 matri
748 1475 884 1540 sarcina
899 1475 1075 1562 quondam

198 1585 308 1671 prima
324 1605 407 1649 suae
424 1583 549 1658 suerat,
564 1584 645 1649 dum
663 1593 793 1648 certum
809 1581 913 1647 flectit
929 1582 964 1646 in
978 1583 1099 1647 orbem
1196 1611 1250 1670 ²25

197 1689 429 1778 quadrupedis
445 1711 576 1765 cursus,
593 1689 857 1776 spumantiaque
874 1709 934 1755 ora
950 1694 1097 1765 coercet,

196 1797 251 1865 Ei
261 1796 369 1862 malti!
392 1796 597 1871 conclamat,
617 1796 799 1882 medioque
816 1795 851 1860 in
868 1807 1006 1882 pectore
1023 1796 1094 1861 fixa

195 1905 264 1970 tela
280 1902 381 1992 gerit,
399 1902 573 1989 frenisque
589 1923 695 1967 manu
711 1902 876 1968 moriente
894 1902 1057 1979 remissis,

196 2011 336 2077 inlatus
353 2030 373 2075 a
390 2011 510 2075 dextro
526 2009 692 2095 paulatim
710 2009 827 2075 defluit
843 2031 952 2074 armo.

241 2116 437 2193 Proximus,
457 2117 573 2182 audito
589 2117 701 2182 sonitu
717 2115 898 2203 perinane
914 2117 1111 2202 pharetrae,
1197 2147 1252 2204 230

196 2227 294 2292 frena
310 2225 415 2291 dabat
430 2222 594 2311 Sipylus:
618 2223 723 2288 veluti
741 2245 820 2289 cum
837 2223 1012 2309 praescius
1029 2222 1147 2290 imbris

198 2333 288 2398 nube
305 2332 394 2421 fugit
408 2331 496 2407 visa,
515 2330 769 2417 pendentiaque
785 2330 937 2417 undique
953 2341 1064 2397 rector

197 2439 342 2505 carbasa
358 2437 507 2513 deducit,
526 2458 570 2502 ne
586 2458 655 2524 qua
670 2436 757 2502 levis
773 2437 890 2502 effluat
906 2457 1002 2501 aura.
1151 2441 1176 2472 r

195 2546 293 2612 frena
309 2546 433 2611 dabat:
459 2546 597 2610 dantem
614 2565 684 2609 non
700 2543 860 2609 evitabile
876 2544 981 2608 telum

195 2653 414 2740 consequitur
424 2674 434 2727 ;
458 2671 661 2739 summaque
676 2661 826 2716 tremens
844 2650 978 2716 cervice
995 2649 1121 2739 sagitta
1195 2681 1249 2740 235

143 2835 146 2842 ,
195 2760 318 2835 haesit,
336 2770 370 2826 et
385 2759 542 2824 exstabat
557 2759 688 2823 nudum
705 2759 748 2823 de
764 2768 901 2846 gutture
916 2757 1059 2822 serrum.

194 2867 264 2943 ille,
283 2876 320 2932 ut
336 2875 408 2932 erat
422 2887 564 2952 pronus,
583 2886 645 2950 per
660 2885 761 2930 crura
777 2864 929 2930 admissa
941 2864 1112 2953 jubasque

193 2973 352 3051 volvitur,
371 2983 404 3038 et
419 2973 532 3039 calido
548 2973 707 3038 tellurem
723 2971 894 3060 sanguine
909 2971 1036 3038 foedat.

239 3077 449 3144 Phaedimus
466 3075 586 3141 infelix
602 3087 636 3142 et
651 3076 730 3141 aviti
747 3075 895 3141 nominis
911 3077 1011 3144 heres

194 3183 376 3261 Tantalus,
393 3193 431 3248 ut
447 3183 544 3249 solito
561 3183 667 3248 finem
683 3183 878 3269 imposuere
892 3181 1015 3260 labori,
1194 3213 1248 3269 240

194 3290 398 3356 transierant
414 3290 458 3356 ad
474 3310 561 3375 opus
577 3289 705 3355 nitidae
718 3289 871 3378 juvenile
887 3291 1101 3376 palaestrae:

195 3408 229 3462 et
240 3397 313 3486 jam
330 3397 545 3463 contulerant
561 3407 634 3462 arto
650 3396 813 3463 luctantia
829 3417 922 3462 nexu
1141 3389 1146 3402 '

195 3515 333 3590 pectora
350 3503 565 3590 pectoribus3
591 3523 669 3569 cum
686 3514 779 3569 tento
795 3503 928 3568 concita
944 3523 1064 3581 nervo,
1145 3523 1151 3532 ·

196 3610 282 3677 sicut
297 3620 395 3676 erant
405 3611 528 3700 juncti,
545 3610 678 3700 trajecit
692 3622 875 3697 utrumque
891 3610 1027 3698 sagitta.

195 3715 395 3804 ingemuere
411 3719 534 3794 simu13
559 3718 660 3784 simul
677 3718 854 3783 incurvata
871 3718 988 3784 dolore
1192 3747 1243 3806 245

195 3824 350 3890 membra
367 3825 440 3891 solo
456 3845 622 3911 posuere;
647 3824 749 3889 simul
765 3843 926 3909 suprema
939 3823 1095 3912 jacentes

195 3929 326 3995 lumina
341 3940 540 3996 versarunt:
565 3930 718 3995 animam
734 3928 836 3995 simul
852 3931 1069 3997 exhalarunt.
