2790 4356
179 287 203 340 1.
227 301 248 354 1,
263 285 321 358 582]
504 267 678 355 Penelope
700 275 735 332 to
765 264 914 353 Ulysses.
1031 239 1033 246 ,
1168 262 1231 348 163

5 485 16 552 μ
177 463 334 553 Argolici
353 465 485 532 rediere
502 463 628 532 duces:
654 463 774 529 altaria
791 463 944 536 fumant3
1199 493 1232 547 25

223 572 365 638 Ponitur
383 573 426 638 ad
443 573 570 659 patrios
586 573 734 638 barbara
751 571 880 656 praeda
898 571 1001 644 deos3

179 678 286 745 Grata
298 680 415 745 'serunt
431 680 607 767 nymphae
624 700 686 764 pro
703 677 807 743 salvis
824 677 915 741 dona
932 675 1081 748 maritis3

159 796 177 855 Ξ
223 786 276 850 11Ιί
293 787 382 852 victa
397 788 470 892 'spis
487 787 616 851 Troica
630 787 700 880 lata
718 794 857 849 canunt.

178 891 348 956 Mirantur
361 893 510 980 justique
528 914 628 958 senes
643 891 866 976 trepidaeque
881 889 1040 976 puellae:

222 998 403 1064 Narrantis
420 1000 572 1088 conjunx
589 998 716 1083 pendet
732 998 775 1061 ab
791 1017 851 1061 ore
866 995 943 1060 viri.
1169 1016 1172 1021 ’
1198 1027 1233 1081 30

177 1103 291 1191 Atque
310 1106 433 1192 aliquis
450 1107 559 1193 posita
577 1116 742 1170 monstrat
757 1104 831 1169 fera
846 1102 978 1190 proelia
995 1122 1127 1178 mensa,

5 1219 14 1254 ⁹
224 1210 341 1300 Pingit
358 1225 390 1278 et
407 1214 536 1300 exiguo
552 1213 727 1300 Pergama
742 1222 812 1275 tota
829 1231 944 1275 mero:

179 1316 281 1383 ‘Hac
298 1320 369 1385 ibat
385 1319 527 1396 Simois,
545 1321 613 1384 hac
629 1330 680 1384 est
697 1317 817 1404 Sigeia
834 1317 949 1392 tellus,

226 1424 293 1489 Hic
309 1436 446 1491 steterat
461 1421 591 1490 Priami
608 1425 706 1512 regia
723 1424 815 1488 celsa
833 1423 944 1498 senis;

179 1528 255 1617 Illic
270 1531 456 1608 Aeacides,
475 1533 546 1597 illic
563 1533 725 1598 tendebat
741 1529 885 1605 Ulixes;

226 1637 293 1702 Hic
310 1640 424 1704 alacer
441 1638 699 1705 missosterruit
716 1638 846 1714 Hector
862 1637 994 1724 equos.'

179 1743 304 1810 Omnia
322 1767 469 1832 namque
485 1758 543 1811 tuo
560 1745 686 1820 senior,
705 1756 737 1809 te
755 1765 920 1831 quaerere
937 1744 1055 1820 missu,

223 1850 401 1916 Retulerat
418 1865 522 1939 gnato
539 1851 679 1927 Nestor,
699 1851 806 1916 atille
824 1851 920 1915 mihi.
1084 1850 1086 1854 ’

178 1955 309 2022 Retulit
324 1969 358 2042 et
373 1958 461 2024 ferro
478 1959 706 2046 Rhesumque
724 1958 928 2044 Dolonaque
945 1979 1078 2040 caesos,

223 2063 335 2151 thue
352 2065 394 2130 sit
411 2066 467 2130 hic
483 2088 603 2131 somno
619 2066 786 2152 proditus,
805 2065 862 2128 ille
879 2065 971 2130 dolo.
1194 2095 1231 2150 40
1245 2137 1250 2147 ¹

177 2168 294 2236 Ausus
311 2191 360 2245 εε,
379 2171 411 2237 Ο
427 2173 569 2237 nimium
587 2173 799 2259 nimiumque
816 2173 918 2237 oblite
930 2184 1083 2249 tuorum,

222 2277 372 2343 Thracia
390 2292 554 2346 nocturno
572 2291 715 2366 tangere
733 2291 845 2344 castra
862 2279 954 2354 dolo,

178 2383 312 2471 Totque
329 2385 429 2450 simul
448 2398 596 2452 mactare
613 2391 717 2462 viros,
736 2387 872 2475 adjutus
890 2387 933 2451 ab
950 2385 1041 2452 unol

222 2489 269 2556 At
285 2492 371 2557 bene
390 2505 509 2558 cautus
525 2514 602 2559 eras
619 2504 652 2559 et
669 2515 801 2558 mernor
818 2505 896 2560 ante
914 2491 1004 2558 mei?

178 2597 297 2685 Usque
315 2613 405 2665 metu
422 2602 572 2668 micuere
588 2603 695 2678 sinus,
714 2604 797 2670 dum
815 2604 921 2669 victor
938 2603 1089 2687 amicum
1194 2634 1229 2692 43

223 2704 344 2771 Dictus
361 2729 397 2773 es
414 2708 565 2774 Ismariis
581 2709 648 2775 isse
666 2732 727 2794 per
744 2731 871 2798 agmen
888 2712 997 2798 equis.

178 2810 249 2877 Sed
267 2813 348 2877 mihi
365 2814 445 2900 quid
462 2816 600 2902 prodest
614 2803 735 2882 vestris
754 2818 896 2906 disjecta
913 2817 1050 2885 lacertis

149 2917 167 2984 ἶ
223 2918 303 2984 Ilios
320 2932 353 2985 et
368 2943 484 2987 murus
500 2923 591 3009 quod
605 2884 684 3027 'suiq
702 2947 778 2992 esse
795 2927 920 3003 solum,

179 3024 217 3089 Si
236 3046 357 3092 maneo
373 3029 483 3114 qualis
499 3029 605 3119 Troja
623 3033 766 3100 durante
784 3035 979 3110 manebam,

222 3131 352 3219 Virque
369 3135 451 3198 mihi
467 3136 605 3232 dempto
622 3141 691 3206 fine
709 3139 1014 3208 carendusabest?
1196 3170 1230 3228 50

163 3226 298 3302 'Diruta
315 3252 393 3305 sunt
408 3239 496 3317 aliis,
515 3245 574 3310 uni
592 3247 676 3312 mihi
694 3247 866 3336 Pergama
883 3260 1024 3326 restant,

222 3342 339 3412 Incola
356 3349 490 3432 captivo
507 3374 595 3440 quae
612 3356 700 3420 bove
717 3355 825 3420 victor
842 3367 927 3420 arat.

102 3449 135 3529 Ρ,
171 3449 250 3537 Jam
268 3473 368 3540 seges
384 3468 448 3532 est,
466 3460 525 3525 ubi
541 3459 648 3548 Troja
668 3461 741 3536 suit,
760 3454 1016 3548 resecanddque
1033 3460 1121 3527 falce
1171 3467 1191 3532 7
1237 3515 1245 3528 ,

145 3557 191 3634 m
201 3595 209 3611 ι
220 3557 390 3627 Luxuriat
406 3564 560 3655 Phrygio
577 3569 747 3655 sanguine
765 3569 903 3655 pinguis
922 3569 1066 3642 humus;
1093 3541 1136 3616 (Α

176 3661 406 3753 Semisepulta
424 3673 535 3738 virum
552 3675 665 3738 curvis
682 3674 847 3738 feriuntur
865 3673 984 3738 aratris
1193 3704 1226 3762 35

5 969 12 1016 l

220 3771 331 3850 Ossa;
356 3780 513 3845 ruinosas
530 3780 656 3845 occulit
671 3779 777 3844 herba
794 3780 926 3845 domos.

173 3875 293 3946 Victor
310 3885 414 3950 abes:
439 3906 504 3950 nec
520 3886 607 3950 scire
624 3885 724 3960 mihi,
742 3905 830 3972 quae
848 3906 953 3951 causa
970 3887 1140 3964 morandi,

217 3989 291 4057 Aut
306 3992 341 4058 in
358 4014 426 4081 quo
442 3993 550 4060 lateas
567 3993 697 4058 ferreus
715 3993 810 4069 orbe,
828 3993 919 4060 licet.
