2752 4350
189 245 233 312 82
368 263 373 270 ’
488 241 560 309 The
589 241 805 329 Calydonian
829 240 946 307 Hunt.
1097 257 1242 330 [Mareu.

190 464 259 508 non
277 443 375 516 foret,
392 438 428 506 in
444 450 541 529 tergo
557 439 632 505 visa
649 450 700 506 est
717 441 863 506 haesura
881 439 984 524 petito
996 475 1042 488 -

190 549 328 636 longius
345 548 390 612 itr
415 560 533 612 auctor
549 547 606 612 teli
623 545 825 633 Pagasaeus
843 546 957 610 l'ason.

193 655 379 729 ‘Phoebe‚’
397 655 442 718 ait
458 653 671 740 Ampycides
691 655 740 718 ‘si
757 666 789 717 te
807 654 963 737 coluique
982 652 1141 740 coloque,
1192 684 1245 740 350

191 763 235 829 da
253 761 336 825 mihi
353 762 443 847 quod
461 761 583 846 petitur
600 772 691 824 certo
708 760 906 846 contingere
924 759 991 824 telo
1005 757 1033 822 l’

190 889 258 955 qua
276 869 393 952 potuit,
411 868 569 952 precibus
586 868 670 931 deus
688 866 819 930 annuit.
869 865 960 931 Ictus
979 868 1021 931 ab
1039 866 1098 933 illo
1116 877 1177 944 est,

191 975 251 1040 sed
269 973 342 1038 sine
360 974 514 1047 vulnere,
532 993 636 1057 aper:
662 973 788 1036 ferrum
807 971 922 1037 Diana
939 973 1067 1038 volanti
1090 1027 1092 1032 .

191 1081 376 1145 abstulerat
389 1079 526 1168 jaculo;
551 1079 684 1166 lignum
702 1079 775 1143 sine
793 1079 953 1144 acumine
970 1079 1075 1144 venit.

236 1187 292 1252 Ira
309 1186 370 1250 feri
389 1197 479 1250 mota
496 1196 558 1259 est,
577 1206 642 1250 nec
658 1185 801 1250 fulmine
818 1186 929 1252 lenius
948 1187 1048 1251 arsit:
1192 1216 1242 1273 355

191 1294 315 1360 emicat
331 1315 374 1358 ex
391 1293 511 1368 oculis,
531 1293 636 1378 spirat
652 1313 789 1378 quoque
806 1306 943 1378 pectore
960 1293 1114 1358 flamma.

190 1414 293 1488 utque
310 1401 402 1464 volat
419 1401 525 1464 moles
544 1400 690 1464 adducto
707 1400 841 1465 concita
859 1422 978 1476 nervo,

93 1527 99 1535 ’
190 1531 269 1574 curn
286 1507 368 1593 petit
385 1519 442 1570 aut
459 1529 586 1581 muros,
605 1518 663 1596 aut
679 1507 800 1593 plenas
818 1508 922 1574 milite
939 1519 1062 1584 turrea,

190 1616 224 1680 in
238 1615 382 1703 juvenes
400 1627 491 1679 certo
508 1614 558 1679 sic
574 1615 699 1700 impete
716 1615 898 1680 vulnificus
915 1637 973 1680 sus

191 1723 307 1796 fertur,
326 1733 359 1786 et
375 1721 592 1806 Eupalamon
609 1721 868 1810 Pelagonaque,
888 1723 1008 1786 dextra
1025 1732 1159 1787 tuentes
1189 1737 1242 1806 360

191 1849 332 1905 cornua,
352 1829 542 1913 prosternit.
592 1827 685 1896 Socii
702 1851 848 1914 rapuere
862 1829 1037 1918 jacentes3

191 1949 224 2001 at
241 1959 309 2000 non
327 1936 473 2002 letiferos
491 1936 612 2024 effugit
628 1936 833 2002 Enaesimus
850 1937 936 2001 ictus

192 2043 431 2128 Hippocoonte
449 2056 562 2108 satus:
587 2044 813 2129 trepidantem
831 2054 864 2108 et
879 2054 976 2130 terga
994 2052 1172 2128 parantem

37 2187 42 2196 ·
85 2193 88 2196 -
189 2165 319 2216 vertere
336 2150 469 2215 succiso
486 2151 656 2238 liquerunt
673 2151 800 2236 poplite
817 2150 926 2238 nervi.

189 2258 330 2324 forsitan
347 2270 380 2324 et
396 2258 515 2345 Pylius
533 2259 615 2324 citra
630 2258 784 2347 Trojana
802 2258 945 2343 perisset
1188 2273 1239 2344 565

189 2379 364 2452 tempora:
389 2366 450 2432 sed
467 2377 601 2452 sumpto
619 2365 727 2451 posita
744 2365 926 2430 conamine
944 2364 987 2429 ab
1004 2364 1104 2430 hasta

189 2473 319 2538 arboris
336 2472 477 2547 insiluit,
495 2493 583 2560 quae
600 2472 711 2538 stabat
727 2471 896 2557 proxima,
916 2470 1034 2547 ramis,

188 2580 425 2666 despexitque,
444 2582 519 2645 loco
535 2591 638 2656 tutuS‚
657 2601 759 2667 quem
776 2577 911 2666 fugerat
927 2579 1073 2644 hostem.

234 2687 402 2753 Dentibus
419 2687 476 2754 ille
493 2686 589 2782 ferox
606 2687 640 2752 in
657 2706 787 2772 querno
804 2685 915 2770 stipite
931 2685 1017 2750 tritis

187 2795 342 2860 imminet
358 2795 474 2869 exitio,
493 2795 670 2880 fidensque
687 2793 880 2858 recentibus
898 2791 1003 2857 armis
1186 2820 1239 2878 370

188 2903 378 2990 Ornytidae
395 2901 514 2990 magni
531 2912 638 2967 rostro
656 2899 766 2965 femur
782 2899 895 2963 hausit
912 2899 1059 2964 adunco.

187 3023 222 3075 at
239 3011 381 3097 gemini,
400 3012 552 3076 nondum
570 3001 731 3076 caelestia
748 3007 872 3082 sidera,
891 3005 1025 3083 fratres,

187 3119 290 3181 ambo
306 3118 495 3202 conspicui,
514 3117 593 3181 nive
609 3113 863 3189 candidioribus
880 3112 982 3178 ambo

187 3225 409 3288 vectabantur
425 3224 534 3309 equis,
554 3224 656 3288 ambo
673 3222 805 3286 vibrata
823 3241 884 3305 per
900 3238 1002 3284 auras

187 3331 362 3395 hastarum
379 3331 524 3395 tremulo
541 3330 740 3416 quatiebant
757 3326 889 3414 spicula
906 3336 1011 3390 motu.
1186 3353 1236 3411 375

186 3440 329 3502 vulnera
346 3437 518 3513 fecissent,
537 3437 601 3501 nisi
619 3437 768 3524 saetiger
784 3435 871 3500 inter
888 3453 1016 3518 opacas

186 3565 251 3608 nec
264 3545 388 3631 jaculis
403 3543 484 3609 isset
500 3563 564 3608 nec
581 3564 668 3629 equo
686 3543 761 3607 loca
779 3541 909 3627 pervia,
928 3540 1045 3606 silvas.

231 3649 449 3737 Persequitur
465 3650 650 3722 Telamon,
669 3649 848 3733 studioque
867 3647 1026 3712 incautus
1043 3642 1147 3710 eundi

186 3777 314 3840 pronus
332 3758 374 3821 ab
392 3758 534 3822 arborea
552 3755 674 3820 cecidit
691 3754 806 3818 radice
824 3763 983 3819 retentus.

186 3862 267 3925 dum
285 3861 375 3926 levat
391 3862 483 3927 hunc
499 3861 636 3935 Peleus,
655 3860 802 3926 celerem
820 3858 987 3948 Tegeaea
1004 3859 1166 3949 sagittam
1186 3876 1238 3945 380

185 3966 347 4053 imposuit
363 3988 480 4046 nervo,
499 3968 699 4055 sinuatoque
716 3965 848 4053 expulit
864 3986 959 4032 arcu.
