2790 4356
186 206 224 259 X.
239 203 295 276 74]
454 173 655 272 Half-raon,
674 187 733 251 but
755 186 821 251 lost
843 187 964 274 agaza.

185 404 383 470 exsangues
399 383 527 448 flebant
544 383 701 457 animae3
727 405 792 448 nec
808 383 978 448 Tantalus
994 384 1123 449 undam

185 491 334 576 captavit
350 491 521 578 refugam,
541 492 735 576 stupuitque
753 489 883 554 Ixionis
899 489 1003 566 orbiS,

184 617 249 660 nec
266 617 425 682 carpsere
439 597 536 685 jecur
551 598 722 670 volucres,
740 598 905 683 urnisque
921 607 1087 663 vacarunt

184 701 336 778 Belides,
355 703 458 789 inque
474 715 531 768 tuo
549 703 677 778 sedisti,
697 702 860 790 Sisyphe,
879 725 976 769 saxo.

183 819 266 874 tunc
282 809 430 894 primum
447 810 597 874 lacrimis
614 810 780 874 victarum
798 811 950 874 carmine
967 810 1059 874 fama
1076 821 1127 875 est
1202 841 1236 896 45

183 914 417 980 Eumenidum
436 916 609 982 maduisse
626 937 747 1004 genas.
797 914 875 981 Nec
891 915 988 1004 regia
1005 917 1157 1006 conjunx

184 1021 327 1086 sustinet
341 1022 465 1097 oranti,
484 1042 548 1086 nec
564 1022 621 1109 qui
639 1022 728 1110 regit
743 1023 826 1098 ima,
846 1043 995 1110 negare:

183 1127 451 1215 Eurydicenque
466 1140 602 1194 vocant.
651 1128 802 1195 Umbras
819 1140 891 1193 erat
907 1128 966 1192 illa
982 1140 1136 1195 recentes

182 1234 283 1311 inter,
303 1245 335 1300 et
351 1227 490 1301 incessit
507 1257 610 1322 passu
628 1236 670 1300 de
687 1236 828 1300 vulnere
845 1236 954 1300 tardo.

184 1342 275 1406 hanc
292 1342 394 1407 simul
412 1354 444 1407 et
460 1343 576 1430 legem
593 1342 821 1426 Rhodopeius
838 1341 962 1428 accipit
978 1342 1114 1433 herm„
1203 1372 1237 1428 50
1287 1345 1289 1350 ’

183 1469 228 1512 ne
244 1446 358 1512 flectat
375 1459 463 1513 retro
480 1470 543 1513 sua
560 1448 704 1523 lumina,
724 1448 834 1513 donec
849 1446 1009 1514 Avernas

184 1554 304 1620 exierit
319 1555 440 1630 valles,
459 1567 517 1620 aut
533 1555 625 1620 irrita
644 1555 735 1620 dona
751 1555 876 1620 futura.

183 1647 187 1654 ⁵
228 1659 391 1747 Carpitur
407 1661 546 1728 acclivis
563 1683 625 1747 per
642 1657 735 1726 muta
753 1661 888 1727 silentia
904 1672 1045 1740 trameS,

183 1769 324 1844 arduus
342 1769 521 1843 obscurus,
540 1768 691 1856 caligine
708 1769 835 1834 densus
851 1771 975 1856 opaca.

181 1895 248 1939 nec
264 1876 383 1961 procul
393 1875 559 1946 afuerunt
574 1875 704 1940 telluris
721 1876 877 1964 margine
895 1897 1071 1942 summae:
1201 1905 1234 1965 55

76 2063 78 2066 Ι
182 1981 252 2056 hic,
271 2002 314 2047 ne
331 1981 492 2046 deficeret
508 1992 676 2057 metuens,
695 1982 884 2069 avidusque
901 1983 1054 2060 videndi,

181 2087 277 2153 flexit
294 2109 414 2154 amans
430 2089 568 2163 oculos3
593 2101 625 2153 et
641 2088 794 2175 protinus
810 2090 870 2154 illa
887 2090 1021 2176 relapsa
1039 2101 1102 2167 est,

180 2196 413 2284 bracchiaque
429 2196 610 2262 intendens
627 2197 816 2285 prendique
834 2208 867 2262 et
883 2199 1052 2283 prendere
1068 2209 1211 2285 captans

181 2305 230 2369 nil
248 2303 313 2368 nisi
331 2304 491 2369 cedentes
507 2303 628 2369 infelix
644 2304 762 2390 arripit
779 2325 892 2370 auras.

178 2412 321 2504 jamque
338 2412 460 2477 iterum
477 2412 626 2477 moriens
643 2433 712 2477 nou
730 2423 779 2478 est
796 2413 838 2478 de
856 2412 1003 2502 conjuge
1019 2412 1205 2501 quicquam

181 2532 302 2609 questa
319 2544 403 2586 suo:
428 2523 511 2610 quid
528 2523 619 2588 enim
636 2523 701 2588 nisi
718 2545 755 2588 se
770 2533 970 2610 quereretur
987 2520 1159 2588 amatam?

182 2651 450 2718 supremumque
479 2629 594 2696 Vale!
616 2632 708 2718 quod
721 2632 794 2721 jam
810 2632 869 2698 vix
887 2633 1025 2698 auribus
1041 2631 1100 2698 ille

183 2737 366 2822 acciperet,
386 2737 483 2813 dixit,
501 2738 723 2826 revolutaque
740 2760 857 2806 rursus
874 2740 1076 2810 eodemest.

228 2843 311 2909 Non
324 2844 424 2909 aliter
440 2845 567 2930 stupuit
581 2846 721 2932 gemina
737 2867 823 2910 nece
840 2845 997 2934 conjugis
1015 2843 1189 2929 Orpheus,

183 2969 288 3036 quam
304 2948 367 3012 tria
383 2949 442 3035 qui
459 2949 610 3026 timiduS,
630 2950 744 3016 medio
761 2961 916 3037 portante
933 2961 1086 3023 catenas,
1202 2965 1235 3035 65

184 3055 273 3121 colla
291 3055 386 3121 canis
402 3056 505 3130 vidit;
529 3079 631 3143 quem
650 3079 718 3121 non
735 3079 842 3144 pavor
859 3070 936 3122 ante
952 3055 1098 3144 reliquit,

184 3183 288 3248 quam
306 3176 426 3227 natura
444 3163 549 3248 prior,
563 3185 648 3230 saxo
665 3186 726 3249 per
743 3185 866 3250 corpus
883 3165 1021 3230 oborto:

184 3270 311 3356 quique
328 3269 362 3335 in
380 3291 417 3335 se
435 3270 563 3346 crimen
580 3271 683 3336 traxit
698 3271 871 3358 voluitque
888 3271 995 3337 videri

186 3374 316 3442 Olenos
333 3397 409 3442 esse
425 3397 567 3453 nocenS,
585 3387 688 3464 tuque
705 3376 738 3443 Ο
755 3379 885 3444 conlisa
901 3379 1049 3466 figurae,

186 3479 307 3545 infelix
322 3479 492 3556 Lethaea,
509 3477 603 3556 tuae,
618 3480 833 3568 junctissima
849 3482 1024 3568 quondam
1204 3510 1239 3566 70

186 3598 338 3672 pectora,
357 3607 449 3652 nunc
465 3586 611 3673 lapides,
628 3607 714 3673 quos
731 3588 873 3653 humida
890 3589 1032 3654 sustinet
1047 3588 1122 3654 Ide.

232 3693 397 3760 Orantem
414 3695 604 3780 frustraque
621 3693 742 3758 iterum
758 3695 902 3760 transire
918 3695 1091 3763 volentem

127 3873 133 3880 ,
187 3802 327 3887 portitor
343 3812 509 3866 arcuerat.
559 3800 699 3885 Septem
716 3812 830 3864 tamen
847 3801 905 3866 ille
922 3802 1043 3868 diebus
1069 3791 1070 3794 ¹

188 3908 366 3996 squalidus
380 3908 416 3973 iu
433 3907 508 3995 ripa
524 3905 661 3974 Cereris
678 3906 751 3973 sine
768 3929 910 3974 munere
927 3909 1014 3975 sedit
1024 3931 1034 3985 3
