2790 4356
168 238 314 312 x1.169.]
412 222 550 290 Contcst
572 223 621 308 os
632 221 712 288 Pan
736 220 811 286 and
829 221 972 308 Apella.
1154 235 1219 306 109

169 419 294 485 ‘Neve
311 420 401 486 male
416 430 532 506 optato
547 439 690 484 maneas
707 417 917 483 circumlitus
933 437 1030 492 auro,

166 526 275 592 vade’
288 527 337 592 ait
354 537 363 568 ‘
377 527 422 592 ad
438 525 574 614 magnis
590 525 741 590 vicinum
758 523 926 590 Sardibus
943 542 1095 600 amnem,

166 653 295 719 perque
307 633 431 721 jugum
449 633 572 698 montis
588 631 783 696 labentibus
797 630 919 696 obvius
934 630 1038 696 undis

166 757 270 824 carpe
286 739 392 816 viam,
410 739 520 804 donec
536 738 656 804 venias
673 738 717 803 ad
733 736 885 802 fluminis
902 749 1016 811 ortus3

166 845 432 934 spumigeroque
448 856 544 910 tuum
561 844 658 921 fonti,
676 865 744 930 quo
762 843 929 928 plurimus
946 845 1029 920 exit,
1168 877 1217 930 ¹40

165 951 273 1017 subde
289 961 405 1037 caput,
423 971 616 1038 corpusque
632 950 749 1024 simul,
767 949 869 1015 simul
887 952 963 1018 elue
980 951 1136 1020 crimen.’

165 1079 227 1122 rex
239 1057 357 1146 jussae
374 1057 526 1124 succedit
542 1049 665 1144 aquae.
712 1054 778 1122 Vis
795 1077 900 1124 aurea
916 1059 1015 1125 tinxit

164 1163 307 1240 flumen,
325 1175 358 1230 et
373 1165 525 1232 humano
540 1165 584 1229 de
601 1183 744 1250 corpore
761 1164 862 1231 cessit
877 1165 912 1232 in
928 1187 1078 1234 amnem.

164 1291 257 1337 nunc
273 1291 408 1358 quoque
421 1269 494 1360 jam
510 1270 635 1336 veteris
652 1283 814 1358 percepto
831 1271 962 1339 semine
978 1287 1087 1342 venae

164 1398 247 1441 arva
264 1377 377 1466 rigent
394 1399 476 1443 auro
493 1377 640 1444 madidis
658 1379 822 1464 pallentia
838 1379 963 1468 glebis.
1165 1412 1214 1468 145

209 1483 287 1559 Ille,
305 1505 447 1571 perosus
464 1505 560 1569 opes,
579 1485 682 1550 silvas
700 1495 732 1550 et
748 1507 827 1550 rura
844 1487 991 1563 colebat,

163 1587 330 1677 Panaque
347 1590 517 1657 montanis
534 1591 744 1658 habitantem
762 1614 899 1678 semper
914 1594 949 1659 in
966 1594 1090 1662 antris.

163 1696 293 1786 pingue
309 1698 371 1763 sed
388 1697 566 1786 ingenium
583 1699 727 1774 manaim
753 1700 988 1789 nocituraque,
1007 1713 1043 1768 ut
1060 1713 1151 1778 unte,

127 1860 142 1887 ,
162 1822 281 1868 rursus
296 1812 394 1868 erant
409 1802 548 1869 domino
564 1803 708 1869 stolidae
723 1805 925 1891 praecordia
943 1807 1075 1872 mentis.

162 1929 244 1974 nam
261 1909 347 1975 freta
362 1908 574 1996 prospiciens
591 1911 658 1976 late
674 1910 764 1998 riget
780 1911 908 1978 arduus
924 1913 992 1979 alto
1164 1943 1214 2000 150

161 2014 308 2083 Tmolus
324 2016 359 2082 in
376 2037 535 2094 ascensu,
554 2017 710 2105 clivoque
726 2029 889 2084 extensus
904 2030 1047 2106 utroque
1280 2015 1284 2022 “

162 2121 331 2190 Sardibus
346 2124 441 2200 hinc,
458 2123 553 2190 illinc
569 2123 683 2209 parvis
699 2124 814 2190 finitur
830 2123 1023 2213 Hypaepis.

162 2228 237 2296 Pan
251 2230 299 2298 ibi
316 2231 398 2297 dum
413 2230 540 2298 teneris
551 2232 657 2320 jactat
673 2253 735 2298 sua
751 2233 904 2298 carmina
921 2233 1098 2321 nymphis,

161 2349 196 2416 et
211 2338 287 2404 leve
303 2349 417 2404 cerata
434 2338 628 2404 modulatur
643 2339 811 2404 arundine
827 2360 979 2416 carmen,

57 2449 60 2458 ⁴
161 2466 267 2511 ausus
282 2443 485 2531 Apollineos
502 2465 584 2531 prae
601 2466 639 2511 se
656 2457 873 2512 contemnere
889 2457 1023 2524 cantus,
1164 2476 1210 2537 ¹55

157 2551 275 2643 judice
297 2552 362 2618 sub
383 2551 510 2619 Tmolo
526 2562 700 2618 certamen
716 2552 809 2618 venit
825 2553 868 2620 ad
885 2552 1009 2641 impar.

207 2660 327 2727 Monte
343 2681 406 2726 suo
422 2659 536 2726 senior
547 2659 656 2748 judex
672 2660 838 2737 consedit,
857 2671 889 2727 et
905 2681 1006 2728 aures

160 2767 283 2834 liberat
298 2767 476 2834 arboribus
489 2791 497 2832 ι
522 2788 653 2856 quercu
668 2775 770 2833 cotna
784 2769 923 2834 caerula
939 2780 1070 2834 tantum

161 2871 324 2960 cingitur,
340 2882 374 2937 et
390 2871 540 2958 pendent
557 2870 687 2938 circum
704 2888 791 2937 cava
806 2881 961 2956 tempora
976 2872 1137 2959 glandes.

160 2978 258 3066 isque
273 2979 376 3044 deum
393 2978 526 3065 pecoris
543 2991 716 3064 spectans,
737 2977 801 3043 ‘In
814 2977 951 3066 judice'
966 2978 1052 3044 dixit
1161 2995 1211 3052 160

162 3097 172 3128 ⁶
188 3085 283 3150 nulla
299 3106 394 3150 mora
412 3085 487 3151 est.’
533 3079 687 3153 Calamis
705 3085 897 3175 agrestibus
913 3083 1048 3151 insonat
1063 3085 1141 3150 ille:

159 3191 408 3278 barbaricoque
424 3190 548 3258 Midan
560 3194 735 3259 -aderat
751 3215 832 3259 nam
849 3191 934 3258 sorte
951 3193 1086 3258 canenti
1098 3229 1143 3243 -

160 3298 314 3365 carmine
331 3297 469 3364 delenit.
519 3297 601 3365 Post
616 3300 709 3366 hunc
725 3322 825 3367 sacer
840 3323 900 3368 ora
917 3299 1050 3366 retorsit

159 3403 306 3471 Tmolus
323 3406 367 3471 ad
383 3427 421 3471 os
437 3405 590 3472 Phoebi:
614 3407 745 3473 vultum
762 3430 824 3475 sua
841 3410 928 3476 silva
946 3419 1062 3476 secuta
1079 3419 1141 3474 est.

206 3511 283 3588 Ille,
301 3522 404 3597 caput
419 3510 547 3576 flavum
564 3512 662 3580 lauro
678 3512 868 3582 Parnaside
885 3517 1033 3594 vinctus,
1161 3529 1209 3600 1⁶5

159 3618 264 3684 verrit
279 3619 422 3684 humum
437 3617 548 3705 Tyrio
564 3631 713 3685 saturata
730 3622 860 3688 murice
877 3625 970 3710 palla
983 3647 992 3700 ;

160 3723 415 3812 instrictamque
431 3724 535 3790 fidem
551 3726 699 3813 gemmis
716 3737 749 3792 et
764 3727 922 3794 dentibus
939 3729 1034 3797 Indis

162 3831 304 3898 sustinet
319 3851 340 3896 a
356 3831 468 3907 laeva,
486 3832 594 3896 tenuit
609 3853 731 3899 manus
748 3834 854 3900 altera
870 3836 1059 3922 plectrum:

162 3935 301 4003 artificis
317 3946 424 4003 status
440 3935 514 4023 ipse
530 3936 604 4003 fuit.
652 3937 745 4005 Tum
762 3940 909 4007 stamina
926 3942 1027 4011 docto
