2790 4356
153 215 217 307 146
387 215 459 282 The
493 215 651 302 Worsbzpl
675 215 723 300 os
734 212 884 280 AEscula
911 215 976 278 rica.
1055 231 1200 302 [ΜΕΤΑΜ.

149 413 333 482 concilium
351 411 543 500 Graiosque
560 423 674 498 patres
691 412 820 488 adiere,
839 411 1040 499 darentque,
1149 430 1200 497 645

149 543 302 596 oravere,
316 521 439 596 deum,
459 520 516 606 qui
533 540 698 605 praesens
714 515 965 608 funeragentis

148 630 244 694 finiat
258 627 460 694 Ausoniae:
486 639 596 691 certas
614 627 660 691 ita
676 627 790 692 dicere
808 641 928 692 sortes.

193 736 344 801 Dissidet
361 745 394 800 et
409 725 520 798 variat
536 732 724 808 sententia3
750 755 898 820 parsque
915 733 1117 822 negandum

148 865 217 908 non
233 853 328 930 putat
345 842 533 916 auxilium3
559 840 656 905 multi
673 840 831 916 retinere,
850 862 1018 929 suamque

148 969 217 1012 non
234 947 385 1013 emittere
403 967 517 1032 opem,
537 965 602 1010 nec
618 944 761 1009 numina
777 944 911 1010 tradere
929 943 1086 1010 suadent.
1148 958 1201 1028 650
1279 989 1282 994 -

148 1054 230 1119 dum
246 1054 413 1129 dubitant,
432 1073 545 1118 seram
562 1053 726 1137 pepulere
742 1052 945 1136 crepuscula
961 1052 1089 1129 lucem,

147 1162 336 1247 umbraque
352 1160 482 1227 telluris
499 1160 658 1225 tenebras
675 1158 857 1224 induxerat
872 1158 968 1224 orbi:

147 1287 226 1331 cum
242 1268 327 1334 deus
343 1269 378 1332 in
395 1267 524 1333 somnis
541 1266 651 1352 opifer
667 1265 851 1330 consistere
868 1265 968 1330 visus

146 1385 224 1440 ante
241 1385 348 1451 tuum,
369 1375 542 1450 Romane,
561 1384 686 1448 torum,
706 1373 766 1437 sed
783 1373 894 1458 qualis
912 1373 947 1437 in
964 1371 1053 1438 aede

146 1502 222 1546 esse
239 1483 336 1558 solet,
354 1482 584 1566 baculumque
601 1491 721 1544 tenens
739 1490 874 1566 agreste
892 1479 1042 1556 sinistra,
1146 1492 1197 1564 655

146 1588 334 1652 caesariem
351 1589 477 1675 longae
494 1588 615 1652 dextra
632 1586 804 1651 deducere
820 1587 961 1663 barbae,

146 1703 179 1758 et
194 1694 330 1778 placido
346 1695 431 1759 tales
448 1693 600 1758 emittere
617 1705 755 1778 pectore
771 1713 896 1758 voces:

192 1799 312 1865 ‘Pone
336 1811 467 1874 metus3
500 1800 651 1876 veniam,
678 1799 931 1888 simulacraque
955 1809 1071 1866 nostra
1094 1797 1199 1864 relin-

280 1929 405 1994 quam:

144 2013 236 2078 hunc
253 2015 354 2104 modo
371 2023 577 2100 serpentem,
596 2013 758 2077 baculum
776 2013 834 2100 qui
851 2014 998 2080 nexibus
1015 2011 1134 2088 ambit,

144 2121 313 2205 perspice,
332 2131 365 2185 et
380 2141 488 2206 usque
505 2132 584 2184 nota
602 2119 690 2194 visu,
709 2129 747 2183 ut
763 2139 974 2207 cognoscere
991 2119 1121 2204 possiet
1144 2132 1198 2188 660

143 2239 255 2290 vertar
271 2227 306 2290 in
325 2228 436 2302 hunc3
463 2227 523 2292 sed
542 2226 651 2312 major
667 2247 738 2301 ero,
758 2236 944 2312 tantusque
957 2225 1112 2302 videbor,

143 2330 178 2395 in
196 2345 360 2418 quantum
378 2334 502 2398 debent
519 2332 679 2397 caelestia
698 2352 842 2421 corpora
859 2332 970 2396 verti!

144 2441 316 2524 extemplo
333 2459 410 2502 cum
427 2460 511 2503 voce
529 2440 626 2513 deus,
647 2458 725 2501 cum
742 2458 826 2502 voce
844 2438 978 2525 deoque

70 2587 74 2594 -
143 2567 282 2610 somnus
300 2546 380 2619 abit,
400 2547 577 2631 somnique
595 2545 714 2632 sugam
733 2545 794 2608 lux
811 2545 902 2609 alma
919 2556 1036 2611 secuta
1052 2555 1115 2612 est.

187 2650 328 2716 Postera
346 2652 496 2716 sidereos
514 2652 651 2717 Aurora
670 2655 851 2741 fugaverat
868 2657 988 2745 ignes3
1143 2671 1194 2744 6⁶5

141 2758 260 2822 incerti
277 2758 358 2845 quid
377 2769 494 2846 agant,
514 2781 673 2844 proceres
691 2763 736 2827 ad
753 2765 881 2848 templa
899 2763 992 2848 petiti

142 2865 348 2930 conveniunt
364 2886 508 2950 operosa
526 2866 593 2941 dei,
613 2888 749 2954 quaque
767 2869 840 2955 ipse
858 2870 984 2936 morari

141 2971 222 3035 sede
238 2972 331 3047 velit,
350 2971 458 3059 signis
475 2973 679 3040 caelestibus
698 2976 837 3052 indicet,
856 2989 967 3043 orant.

140 3077 198 3141 vix
214 3079 302 3143 bene
319 3079 502 3152 desierant,
524 3100 602 3144 cum
621 3083 730 3149 cristis
750 3106 874 3150 aureus
891 3087 968 3152 altis

140 3184 174 3247 in
192 3196 348 3269 serpente
366 3185 449 3249 deus
467 3190 671 3269 praenuntia
688 3191 788 3255 sibila
805 3191 908 3266 misit,
1141 3213 1193 3281 670

140 3291 355 3378 adventuque
372 3313 434 3357 suo
451 3293 658 3382 signumque
677 3318 822 3383 arasque
838 3299 998 3386 foresque

140 3418 436 3488 marmoreumque
456 3403 565 3467 solum
584 3403 791 3489 fastigiaque
810 3425 914 3468 aurea
931 3407 1048 3485 movit,

139 3504 398 3592 pectoribusque
416 3518 515 3572 tenus
533 3508 647 3572 media
663 3509 818 3574 sublimis
834 3510 869 3576 in
887 3512 973 3577 aede

139 3610 296 3686 constitit,
316 3625 417 3700 atque
435 3615 554 3680 oculos
572 3615 776 3678 circumtulit
793 3616 874 3702 igne
892 3617 1071 3685 micantes.

182 3715 318 3782 Territa
335 3720 434 3783 turba
451 3731 572 3804 pavet:
597 3720 759 3806 cognovit
775 3723 917 3787 numina
934 3736 1045 3790 castos
1138 3745 1188 3817 675

137 3821 291 3887 evinctus
308 3825 391 3886 vitta
407 3825 518 3890 crines
536 3825 671 3889 albente
688 3828 861 3902 sacerdos
914 3817 919 3828 ’

138 3938 170 3990 et
188 3926 308 3991 ‘Deus
325 3948 367 3990 en
381 3927 388 3990 l
414 3929 498 3994 deus
515 3929 579 3994 enl
605 3931 728 3995 animis
744 3932 940 4020 linguisque
956 3935 1082 4014 favete,
