<?xml version="1.0" encoding="UTF-8"?>
<!DOCTYPE html PUBLIC "-//W3C//DTD XHTML 1.0 Transitional//EN"
    "http://www.w3.org/TR/xhtml1/DTD/xhtml1-transitional.dtd">
<html xmlns="http://www.w3.org/1999/xhtml" xml:lang="en" lang="en">
 <head>
  <title>
</title>
<meta http-equiv="Content-Type" content="text/html;charset=utf-8" />
  <meta name='ocr-system' content='tesseract 3.04.00' />
  <meta name='ocr-capabilities' content='ocr_page ocr_carea ocr_par ocr_line ocrx_word'/>
</head>
<body>
  <div class='ocr_page' id='page_1' title='image "./poemataquaedame00ovidgoog_0101.png"; bbox 0 0 2752 4350; ppageno 0'>
   <div class='ocr_carea' id='block_1_1' title="bbox 198 230 1250 320">
    <p class='ocr_par' dir='ltr' id='par_1_1' title="bbox 198 230 1250 320">
     <span class='ocr_line' id='line_1_1' title="bbox 198 230 1250 320; baseline 0.009 -25"><span class='ocrx_word' id='word_1_1' title='bbox 198 231 243 300; x_wconf 90' lang='lat'>86</span> <span class='ocrx_word' id='word_1_2' title='bbox 495 230 567 298; x_wconf 76' lang='lat' dir='ltr'>Tae</span> <span class='ocrx_word' id='word_1_3' title='bbox 596 230 812 318; x_wconf 85' lang='lat' dir='ltr'>Calydom&#39;an</span> <span class='ocrx_word' id='word_1_4' title='bbox 836 231 952 298; x_wconf 85' lang='lat' dir='ltr'>Hunt.</span> <span class='ocrx_word' id='word_1_5' title='bbox 1108 247 1250 320; x_wconf 73' lang='lat' dir='ltr'>[Mersit.</span> 
     </span>
    </p>
   </div>
   <div class='ocr_carea' id='block_1_2' title="bbox 116 426 1251 4018">
    <p class='ocr_par' dir='ltr' id='par_1_2' title="bbox 196 426 1114 504">
     <span class='ocr_line' id='line_1_2' title="bbox 196 426 1114 504; baseline -0.002 -9"><span class='ocrx_word' id='word_1_6' title='bbox 196 429 234 495; x_wconf 90' lang='lat' dir='ltr'>in</span> <span class='ocrx_word' id='word_1_7' title='bbox 249 428 362 495; x_wconf 90' lang='lat' dir='ltr'>scelus</span> <span class='ocrx_word' id='word_1_8' title='bbox 379 427 575 494; x_wconf 91' lang='lat' dir='ltr'>addendum</span> <span class='ocrx_word' id='word_1_9' title='bbox 593 428 705 494; x_wconf 91' lang='lat' dir='ltr'>scelus</span> <span class='ocrx_word' id='word_1_10' title='bbox 721 438 783 504; x_wconf 88' lang='lat' dir='ltr'>est,</span> <span class='ocrx_word' id='word_1_11' title='bbox 802 428 837 492; x_wconf 91' lang='lat' dir='ltr'>in</span> <span class='ocrx_word' id='word_1_12' title='bbox 854 427 974 492; x_wconf 84' lang='lat' dir='ltr'>funera</span> <span class='ocrx_word' id='word_1_13' title='bbox 991 426 1114 503; x_wconf 86' lang='lat' dir='ltr'>funus3</span> 
     </span>
    </p>

    <p class='ocr_par' dir='ltr' id='par_1_3' title="bbox 197 534 1251 623">
     <span class='ocr_line' id='line_1_3' title="bbox 197 534 1251 623; baseline -0.003 -21"><span class='ocrx_word' id='word_1_14' title='bbox 197 559 259 623; x_wconf 92' lang='lat' dir='ltr'>per</span> <span class='ocrx_word' id='word_1_15' title='bbox 275 545 495 601; x_wconf 87' lang='lat' dir='ltr'>coacervatos</span> <span class='ocrx_word' id='word_1_16' title='bbox 513 547 631 619; x_wconf 90' lang='lat' dir='ltr'>pereat</span> <span class='ocrx_word' id='word_1_17' title='bbox 647 535 768 599; x_wconf 91' lang='lat' dir='ltr'>domus</span> <span class='ocrx_word' id='word_1_18' title='bbox 785 534 891 620; x_wconf 87' lang='lat' dir='ltr'>impia</span> <span class='ocrx_word' id='word_1_19' title='bbox 909 535 1033 600; x_wconf 91' lang='lat' dir='ltr'>luctus.</span> <span class='ocrx_word' id='word_1_20' title='bbox 1198 552 1251 620; x_wconf 78' lang='lat'>485</span> 
     </span>
    </p>

    <p class='ocr_par' dir='ltr' id='par_1_4' title="bbox 198 639 896 714">
     <span class='ocr_line' id='line_1_4' title="bbox 198 639 896 714; baseline -0.006 -7"><span class='ocrx_word' id='word_1_21' title='bbox 198 664 242 706; x_wconf 92' lang='lat' dir='ltr'>an</span> <span class='ocrx_word' id='word_1_22' title='bbox 259 642 341 707; x_wconf 90' lang='lat' dir='ltr'>selix</span> <span class='ocrx_word' id='word_1_23' title='bbox 358 641 498 707; x_wconf 88' lang='lat' dir='ltr'>Oeneus</span> <span class='ocrx_word' id='word_1_24' title='bbox 515 650 595 705; x_wconf 92' lang='lat' dir='ltr'>nato</span> <span class='ocrx_word' id='word_1_25' title='bbox 611 641 738 704; x_wconf 89' lang='lat' dir='ltr'>victore</span> <span class='ocrx_word' id='word_1_26' title='bbox 755 639 896 714; x_wconf 86' lang='lat' dir='ltr'>fruetur,</span> 
     </span>
    </p>

    <p class='ocr_par' dir='ltr' id='par_1_5' title="bbox 137 743 1067 833">
     <span class='ocr_line' id='line_1_5' title="bbox 137 743 1067 833; baseline -0.009 -19"><span class='ocrx_word' id='word_1_27' title='bbox 137 825 147 832; x_wconf 45' lang='grc'><strong>,</strong></span> <span class='ocrx_word' id='word_1_28' title='bbox 197 749 360 814; x_wconf 89' lang='lat' dir='ltr'>Thestius</span> <span class='ocrx_word' id='word_1_29' title='bbox 376 747 479 813; x_wconf 92' lang='lat' dir='ltr'>orbus</span> <span class='ocrx_word' id='word_1_30' title='bbox 498 743 582 810; x_wconf 85' lang='lat' dir='ltr'>erit?</span> <span class='ocrx_word' id='word_1_31' title='bbox 628 745 757 811; x_wconf 89' lang='lat' dir='ltr'>Melius</span> <span class='ocrx_word' id='word_1_32' title='bbox 774 744 935 833; x_wconf 84' lang='lat' dir='ltr'><strong>lugebitis</strong></span> <span class='ocrx_word' id='word_1_33' title='bbox 953 746 1067 812; x_wconf 91' lang='lat' dir='ltr'>ambo.</span> 
     </span>
    </p>

    <p class='ocr_par' dir='ltr' id='par_1_6' title="bbox 197 851 1108 939">
     <span class='ocr_line' id='line_1_6' title="bbox 197 851 1108 939; baseline -0.002 -19"><span class='ocrx_word' id='word_1_34' title='bbox 197 877 259 920; x_wconf 90' lang='lat' dir='ltr'>vos</span> <span class='ocrx_word' id='word_1_35' title='bbox 276 855 391 930; x_wconf 89' lang='lat' dir='ltr'>mod0,</span> <span class='ocrx_word' id='word_1_36' title='bbox 409 851 548 918; x_wconf 83' lang='lat' dir='ltr'>fraterni</span> <span class='ocrx_word' id='word_1_37' title='bbox 566 872 699 929; x_wconf 91' lang='lat' dir='ltr'>manes,</span> <span class='ocrx_word' id='word_1_38' title='bbox 719 853 923 939; x_wconf 86' lang='lat' dir='ltr'>animaeque</span> <span class='ocrx_word' id='word_1_39' title='bbox 940 863 1108 930; x_wconf 85' lang='lat' dir='ltr'>recentes,</span> 
     </span>
    </p>

    <p class='ocr_par' dir='ltr' id='par_1_7' title="bbox 197 960 997 1046">
     <span class='ocr_line' id='line_1_7' title="bbox 197 960 997 1046; baseline -0.006 -19"><span class='ocrx_word' id='word_1_40' title='bbox 197 961 346 1027; x_wconf 91' lang='lat' dir='ltr'>officium</span> <span class='ocrx_word' id='word_1_41' title='bbox 364 960 482 1026; x_wconf 91' lang='lat' dir='ltr'>sentite</span> <span class='ocrx_word' id='word_1_42' title='bbox 499 979 627 1033; x_wconf 91' lang='lat' dir='ltr'>meum,</span> <span class='ocrx_word' id='word_1_43' title='bbox 648 979 844 1046; x_wconf 87' lang='lat' dir='ltr'>magnoque</span> <span class='ocrx_word' id='word_1_44' title='bbox 860 969 997 1044; x_wconf 89' lang='lat' dir='ltr'>paratas</span> 
     </span>
    </p>

    <p class='ocr_par' dir='ltr' id='par_1_8' title="bbox 199 1055 1251 1260">
     <span class='ocr_line' id='line_1_8' title="bbox 199 1055 1251 1153; baseline -0.006 -21"><span class='ocrx_word' id='word_1_45' title='bbox 199 1055 342 1153; x_wconf 88' lang='lat' dir='ltr'>accipite</span> <span class='ocrx_word' id='word_1_46' title='bbox 358 1066 510 1142; x_wconf 88' lang='lat' dir='ltr'>inferias,</span> <span class='ocrx_word' id='word_1_47' title='bbox 529 1065 613 1130; x_wconf 89' lang='lat' dir='ltr'>uteri</span> <span class='ocrx_word' id='word_1_48' title='bbox 632 1064 722 1128; x_wconf 90' lang='lat' dir='ltr'>mala</span> <span class='ocrx_word' id='word_1_49' title='bbox 739 1064 885 1152; x_wconf 92' lang='lat' dir='ltr'>pignora</span> <span class='ocrx_word' id='word_1_50' title='bbox 901 1063 1018 1130; x_wconf 87' lang='lat' dir='ltr'>nostri.</span> <span class='ocrx_word' id='word_1_51' title='bbox 1197 1094 1251 1153; x_wconf 85' lang='lat'>490</span> 
     </span>
     <span class='ocr_line' id='line_1_9' title="bbox 245 1168 1140 1260; baseline -0.003 -21"><span class='ocrx_word' id='word_1_52' title='bbox 245 1174 310 1240; x_wconf 90' lang='lat' dir='ltr'>‘Ei</span> <span class='ocrx_word' id='word_1_53' title='bbox 327 1172 432 1239; x_wconf 91' lang='lat' dir='ltr'>mihil</span> <span class='ocrx_word' id='word_1_54' title='bbox 456 1195 523 1260; x_wconf 92' lang='lat' dir='ltr'>quo</span> <span class='ocrx_word' id='word_1_55' title='bbox 540 1168 676 1257; x_wconf 89' lang='lat' dir='ltr'>rapior?</span> <span class='ocrx_word' id='word_1_56' title='bbox 699 1169 820 1236; x_wconf 89' lang='lat' dir='ltr'>fratres</span> <span class='ocrx_word' id='word_1_57' title='bbox 836 1170 1003 1258; x_wconf 84' lang='lat' dir='ltr'>ignoscite</span> <span class='ocrx_word' id='word_1_58' title='bbox 1020 1169 1140 1236; x_wconf 89' lang='lat' dir='ltr'>matril</span> 
     </span>
    </p>

    <p class='ocr_par' dir='ltr' id='par_1_9' title="bbox 198 1275 1094 1364">
     <span class='ocr_line' id='line_1_10' title="bbox 198 1275 1094 1364; baseline -0.004 -19"><span class='ocrx_word' id='word_1_59' title='bbox 198 1280 360 1346; x_wconf 91' lang='lat' dir='ltr'>deficiunt</span> <span class='ocrx_word' id='word_1_60' title='bbox 376 1281 420 1346; x_wconf 89' lang='lat' dir='ltr'>ad</span> <span class='ocrx_word' id='word_1_61' title='bbox 436 1290 557 1364; x_wconf 89' lang='lat' dir='ltr'>coepta</span> <span class='ocrx_word' id='word_1_62' title='bbox 574 1298 709 1342; x_wconf 88' lang='lat' dir='ltr'>manus.</span> <span class='ocrx_word' id='word_1_63' title='bbox 758 1275 930 1342; x_wconf 88' lang='lat' dir='ltr'>Meruisse</span> <span class='ocrx_word' id='word_1_64' title='bbox 947 1276 1094 1343; x_wconf 88' lang='lat' dir='ltr'>fatemur</span> 
     </span>
    </p>

    <p class='ocr_par' dir='ltr' id='par_1_10' title="bbox 197 1381 1101 1473">
     <span class='ocr_line' id='line_1_11' title="bbox 197 1381 1101 1473; baseline -0.007 -21"><span class='ocrx_word' id='word_1_65' title='bbox 197 1387 307 1465; x_wconf 89' lang='lat' dir='ltr'>illum,</span> <span class='ocrx_word' id='word_1_66' title='bbox 326 1408 387 1453; x_wconf 93' lang='lat' dir='ltr'>cur</span> <span class='ocrx_word' id='word_1_67' title='bbox 402 1397 540 1473; x_wconf 90' lang='lat' dir='ltr'>pereat:</span> <span class='ocrx_word' id='word_1_68' title='bbox 567 1383 682 1450; x_wconf 89' lang='lat' dir='ltr'>mortis</span> <span class='ocrx_word' id='word_1_69' title='bbox 699 1381 782 1446; x_wconf 92' lang='lat' dir='ltr'>mihi</span> <span class='ocrx_word' id='word_1_70' title='bbox 800 1381 956 1468; x_wconf 91' lang='lat' dir='ltr'>displicet</span> <span class='ocrx_word' id='word_1_71' title='bbox 973 1396 1101 1462; x_wconf 81' lang='lat' dir='ltr'>auctor.</span> 
     </span>
    </p>

    <p class='ocr_par' dir='ltr' id='par_1_11' title="bbox 197 1489 1046 1582">
     <span class='ocr_line' id='line_1_12' title="bbox 197 1489 1046 1582; baseline -0.006 -23"><span class='ocrx_word' id='word_1_72' title='bbox 197 1515 282 1582; x_wconf 86' lang='lat' dir='ltr'>ergo</span> <span class='ocrx_word' id='word_1_73' title='bbox 298 1494 437 1581; x_wconf 92' lang='lat' dir='ltr'>impune</span> <span class='ocrx_word' id='word_1_74' title='bbox 455 1493 551 1569; x_wconf 90' lang='lat' dir='ltr'>feret,</span> <span class='ocrx_word' id='word_1_75' title='bbox 568 1492 734 1577; x_wconf 91' lang='lat' dir='ltr'>vivusque</span> <span class='ocrx_word' id='word_1_76' title='bbox 751 1500 784 1554; x_wconf 91' lang='lat' dir='ltr'>et</span> <span class='ocrx_word' id='word_1_77' title='bbox 800 1489 907 1554; x_wconf 91' lang='lat' dir='ltr'>victor</span> <span class='ocrx_word' id='word_1_78' title='bbox 923 1501 956 1554; x_wconf 95' lang='lat' dir='ltr'>et</span> <span class='ocrx_word' id='word_1_79' title='bbox 971 1489 1046 1575; x_wconf 90' lang='lat' dir='ltr'>ipso</span> 
     </span>
    </p>

    <p class='ocr_par' dir='ltr' id='par_1_12' title="bbox 198 1594 1247 1686">
     <span class='ocr_line' id='line_1_13' title="bbox 198 1594 1247 1686; baseline -0.006 -20"><span class='ocrx_word' id='word_1_80' title='bbox 198 1621 359 1666; x_wconf 86' lang='lat' dir='ltr'>successu</span> <span class='ocrx_word' id='word_1_81' title='bbox 375 1600 524 1665; x_wconf 91' lang='lat' dir='ltr'>tumidus</span> <span class='ocrx_word' id='word_1_82' title='bbox 540 1619 685 1686; x_wconf 86' lang='lat' dir='ltr'>regnum</span> <span class='ocrx_word' id='word_1_83' title='bbox 703 1596 893 1683; x_wconf 90' lang='lat' dir='ltr'>Calydonis</span> <span class='ocrx_word' id='word_1_84' title='bbox 911 1594 1071 1661; x_wconf 84' lang='lat' dir='ltr'>habebit?</span> <span class='ocrx_word' id='word_1_85' title='bbox 1195 1627 1247 1685; x_wconf 76' lang='lat'>495</span> 
     </span>
    </p>

    <p class='ocr_par' dir='ltr' id='par_1_13' title="bbox 197 1702 1098 1795">
     <span class='ocr_line' id='line_1_14' title="bbox 197 1702 1098 1795; baseline -0.004 -24"><span class='ocrx_word' id='word_1_86' title='bbox 197 1729 260 1773; x_wconf 90' lang='lat' dir='ltr'>vos</span> <span class='ocrx_word' id='word_1_87' title='bbox 276 1706 360 1772; x_wconf 91' lang='lat' dir='ltr'>cinis</span> <span class='ocrx_word' id='word_1_88' title='bbox 376 1706 524 1795; x_wconf 90' lang='lat' dir='ltr'>exiguus</span> <span class='ocrx_word' id='word_1_89' title='bbox 540 1706 744 1794; x_wconf 87' lang='lat' dir='ltr'>gelidaeque</span> <span class='ocrx_word' id='word_1_90' title='bbox 757 1702 914 1792; x_wconf 89' lang='lat' dir='ltr'>jacebitis</span> <span class='ocrx_word' id='word_1_91' title='bbox 932 1702 1098 1768; x_wconf 86' lang='lat' dir='ltr'>umbrae?</span> 
     </span>
    </p>

    <p class='ocr_par' dir='ltr' id='par_1_14' title="bbox 197 1810 1119 1900">
     <span class='ocr_line' id='line_1_15' title="bbox 197 1810 1119 1900; baseline -0.004 -22"><span class='ocrx_word' id='word_1_92' title='bbox 197 1813 291 1879; x_wconf 91' lang='lat' dir='ltr'>haud</span> <span class='ocrx_word' id='word_1_93' title='bbox 308 1813 466 1900; x_wconf 91' lang='lat' dir='ltr'>equidem</span> <span class='ocrx_word' id='word_1_94' title='bbox 483 1813 605 1898; x_wconf 90' lang='lat' dir='ltr'>patiar.</span> <span class='ocrx_word' id='word_1_95' title='bbox 653 1812 777 1877; x_wconf 88' lang='lat' dir='ltr'>Pereat</span> <span class='ocrx_word' id='word_1_96' title='bbox 792 1810 992 1885; x_wconf 90' lang='lat' dir='ltr'>sceleratus,</span> <span class='ocrx_word' id='word_1_97' title='bbox 1013 1821 1046 1874; x_wconf 91' lang='lat' dir='ltr'>et</span> <span class='ocrx_word' id='word_1_98' title='bbox 1062 1810 1119 1874; x_wconf 92' lang='lat' dir='ltr'>ille</span> 
     </span>
    </p>

    <p class='ocr_par' dir='ltr' id='par_1_15' title="bbox 197 1917 1172 2008">
     <span class='ocr_line' id='line_1_16' title="bbox 197 1917 1172 2008; baseline -0.005 -23"><span class='ocrx_word' id='word_1_99' title='bbox 197 1941 361 2007; x_wconf 88' lang='lat' dir='ltr'>spemque</span> <span class='ocrx_word' id='word_1_100' title='bbox 378 1920 482 2007; x_wconf 89' lang='lat' dir='ltr'>patris</span> <span class='ocrx_word' id='word_1_101' title='bbox 499 1919 665 2008; x_wconf 88' lang='lat' dir='ltr'>regnique</span> <span class='ocrx_word' id='word_1_102' title='bbox 680 1919 792 1984; x_wconf 87' lang='lat' dir='ltr'>trahat</span> <span class='ocrx_word' id='word_1_103' title='bbox 808 1917 1007 2003; x_wconf 90' lang='lat' dir='ltr'>patriaeque</span> <span class='ocrx_word' id='word_1_104' title='bbox 1024 1918 1172 1982; x_wconf 91' lang='lat' dir='ltr'>ruinam.</span> 
     </span>
    </p>

    <p class='ocr_par' dir='ltr' id='par_1_16' title="bbox 116 2022 1189 2112">
     <span class='ocr_line' id='line_1_17' title="bbox 116 2022 1189 2112; baseline -0.003 -20"><span class='ocrx_word' id='word_1_105' title='bbox 116 2063 121 2076; x_wconf 91' lang='lat'>·</span> <span class='ocrx_word' id='word_1_106' title='bbox 196 2048 294 2092; x_wconf 89' lang='lat' dir='ltr'>mens</span> <span class='ocrx_word' id='word_1_107' title='bbox 309 2025 367 2092; x_wconf 90' lang='lat' dir='ltr'>ubi</span> <span class='ocrx_word' id='word_1_108' title='bbox 385 2036 538 2092; x_wconf 87' lang='lat' dir='ltr'>materna</span> <span class='ocrx_word' id='word_1_109' title='bbox 555 2024 628 2091; x_wconf 85' lang='lat' dir='ltr'>est?</span> <span class='ocrx_word' id='word_1_110' title='bbox 651 2025 709 2091; x_wconf 94' lang='lat' dir='ltr'>ubi</span> <span class='ocrx_word' id='word_1_111' title='bbox 725 2036 804 2090; x_wconf 90' lang='lat' dir='ltr'>sunt</span> <span class='ocrx_word' id='word_1_112' title='bbox 819 2025 875 2110; x_wconf 93' lang='lat' dir='ltr'>pia</span> <span class='ocrx_word' id='word_1_113' title='bbox 890 2024 968 2112; x_wconf 89' lang='lat' dir='ltr'>jura</span> <span class='ocrx_word' id='word_1_114' title='bbox 985 2022 1189 2109; x_wconf 87' lang='lat' dir='ltr'>parentum?</span> 
     </span>
    </p>

    <p class='ocr_par' dir='ltr' id='par_1_17' title="bbox 197 2129 1247 2225">
     <span class='ocr_line' id='line_1_18' title="bbox 197 2129 1247 2225; baseline -0.003 -27"><span class='ocrx_word' id='word_1_115' title='bbox 197 2143 230 2198; x_wconf 90' lang='lat' dir='ltr'>et</span> <span class='ocrx_word' id='word_1_116' title='bbox 245 2155 330 2221; x_wconf 94' lang='lat' dir='ltr'>quos</span> <span class='ocrx_word' id='word_1_117' title='bbox 347 2133 490 2225; x_wconf 80' lang='lat' dir='ltr'>sustinui</span> <span class='ocrx_word' id='word_1_118' title='bbox 506 2133 558 2198; x_wconf 91' lang='lat' dir='ltr'>bis</span> <span class='ocrx_word' id='word_1_119' title='bbox 574 2153 730 2198; x_wconf 92' lang='lat' dir='ltr'>mensum</span> <span class='ocrx_word' id='word_1_120' title='bbox 748 2131 898 2219; x_wconf 84' lang='lat' dir='ltr'>quinque</span> <span class='ocrx_word' id='word_1_121' title='bbox 915 2129 1073 2197; x_wconf 85' lang='lat' dir='ltr'>labores?</span> <span class='ocrx_word' id='word_1_122' title='bbox 1195 2161 1247 2219; x_wconf 81' lang='lat'>50⁰</span> 
     </span>
    </p>

    <p class='ocr_par' dir='ltr' id='par_1_18' title="bbox 197 2234 965 2323">
     <span class='ocr_line' id='line_1_19' title="bbox 197 2234 965 2323; baseline -0.003 -21"><span class='ocrx_word' id='word_1_123' title='bbox 197 2235 229 2302; x_wconf 95' lang='grc' dir='ltr'>Ο</span> <span class='ocrx_word' id='word_1_124' title='bbox 245 2235 374 2301; x_wconf 88' lang='lat' dir='ltr'>utinam</span> <span class='ocrx_word' id='word_1_125' title='bbox 391 2236 509 2322; x_wconf 91' lang='lat' dir='ltr'>primis</span> <span class='ocrx_word' id='word_1_126' title='bbox 526 2236 668 2302; x_wconf 88' lang='lat' dir='ltr'>arsisses</span> <span class='ocrx_word' id='word_1_127' title='bbox 684 2235 822 2323; x_wconf 89' lang='lat' dir='ltr'>ignibus</span> <span class='ocrx_word' id='word_1_128' title='bbox 838 2234 965 2314; x_wconf 84' lang='lat' dir='ltr'>infans,</span> 
     </span>
    </p>

    <p class='ocr_par' dir='ltr' id='par_1_19' title="bbox 195 2335 1132 2430">
     <span class='ocr_line' id='line_1_20' title="bbox 195 2335 1132 2430; baseline 0 -23"><span class='ocrx_word' id='word_1_129' title='bbox 195 2342 298 2430; x_wconf 93' lang='lat' dir='ltr'>idque</span> <span class='ocrx_word' id='word_1_130' title='bbox 314 2363 381 2430; x_wconf 86' lang='lat' dir='ltr'>ego</span> <span class='ocrx_word' id='word_1_131' title='bbox 398 2361 500 2428; x_wconf 89' lang='lat' dir='ltr'>passa</span> <span class='ocrx_word' id='word_1_132' title='bbox 516 2335 646 2407; x_wconf 82' lang='lat' dir='ltr'>forem!</span> <span class='ocrx_word' id='word_1_133' title='bbox 693 2341 818 2407; x_wconf 89' lang='lat' dir='ltr'>Vixisti</span> <span class='ocrx_word' id='word_1_134' title='bbox 837 2363 978 2408; x_wconf 90' lang='lat' dir='ltr'>munere</span> <span class='ocrx_word' id='word_1_135' title='bbox 995 2355 1132 2409; x_wconf 83' lang='lat' dir='ltr'>nostro:</span> 
     </span>
    </p>

    <p class='ocr_par' dir='ltr' id='par_1_20' title="bbox 195 2446 1099 2534">
     <span class='ocr_line' id='line_1_21' title="bbox 195 2446 1099 2534; baseline 0.003 -22"><span class='ocrx_word' id='word_1_136' title='bbox 195 2469 288 2513; x_wconf 90' lang='lat' dir='ltr'>nunc</span> <span class='ocrx_word' id='word_1_137' title='bbox 303 2449 423 2514; x_wconf 91' lang='lat' dir='ltr'>merito</span> <span class='ocrx_word' id='word_1_138' title='bbox 439 2449 584 2514; x_wconf 92' lang='lat' dir='ltr'>moriere</span> <span class='ocrx_word' id='word_1_139' title='bbox 600 2459 670 2514; x_wconf 93' lang='lat' dir='ltr'>tuo.</span> <span class='ocrx_word' id='word_1_140' title='bbox 720 2446 817 2534; x_wconf 88' lang='lat' dir='ltr'>Cape</span> <span class='ocrx_word' id='word_1_141' title='bbox 835 2450 989 2534; x_wconf 87' lang='lat' dir='ltr'>praemia</span> <span class='ocrx_word' id='word_1_142' title='bbox 1004 2450 1099 2529; x_wconf 89' lang='lat' dir='ltr'>facti,</span> 
     </span>
    </p>

    <p class='ocr_par' dir='ltr' id='par_1_21' title="bbox 194 2554 1111 2646">
     <span class='ocr_line' id='line_1_22' title="bbox 194 2554 1111 2646; baseline 0.007 -26"><span class='ocrx_word' id='word_1_143' title='bbox 194 2554 314 2642; x_wconf 87' lang='lat' dir='ltr'>bisque</span> <span class='ocrx_word' id='word_1_144' title='bbox 331 2554 460 2630; x_wconf 90' lang='lat' dir='ltr'>datam,</span> <span class='ocrx_word' id='word_1_145' title='bbox 477 2554 626 2640; x_wconf 89' lang='lat' dir='ltr'>primum</span> <span class='ocrx_word' id='word_1_146' title='bbox 642 2566 755 2641; x_wconf 91' lang='lat' dir='ltr'>partu,</span> <span class='ocrx_word' id='word_1_147' title='bbox 775 2577 855 2621; x_wconf 92' lang='lat' dir='ltr'>mox</span> <span class='ocrx_word' id='word_1_148' title='bbox 872 2557 983 2644; x_wconf 88' lang='lat' dir='ltr'>stipite</span> <span class='ocrx_word' id='word_1_149' title='bbox 1000 2571 1111 2646; x_wconf 90' lang='lat' dir='ltr'>rapto,</span> 
     </span>
    </p>

    <p class='ocr_par' dir='ltr' id='par_1_22' title="bbox 194 2660 1245 2859">
     <span class='ocr_line' id='line_1_23' title="bbox 194 2660 1243 2752; baseline 0.005 -25"><span class='ocrx_word' id='word_1_150' title='bbox 194 2661 300 2727; x_wconf 90' lang='lat' dir='ltr'>redde</span> <span class='ocrx_word' id='word_1_151' title='bbox 316 2660 480 2738; x_wconf 89' lang='lat' dir='ltr'>animam,</span> <span class='ocrx_word' id='word_1_152' title='bbox 498 2662 554 2726; x_wconf 93' lang='lat' dir='ltr'>vel</span> <span class='ocrx_word' id='word_1_153' title='bbox 570 2682 625 2726; x_wconf 93' lang='lat' dir='ltr'>me</span> <span class='ocrx_word' id='word_1_154' title='bbox 641 2661 799 2728; x_wconf 82' lang='lat' dir='ltr'>fraternis</span> <span class='ocrx_word' id='word_1_155' title='bbox 817 2664 906 2730; x_wconf 87' lang='lat' dir='ltr'>adde</span> <span class='ocrx_word' id='word_1_156' title='bbox 923 2666 1102 2751; x_wconf 91' lang='lat' dir='ltr'>sepulcris.</span> <span class='ocrx_word' id='word_1_157' title='bbox 1193 2698 1243 2752; x_wconf 81' lang='lat'>505</span> 
     </span>
     <span class='ocr_line' id='line_1_24' title="bbox 240 2766 1245 2859; baseline 0.007 -27"><span class='ocrx_word' id='word_1_158' title='bbox 240 2766 308 2832; x_wconf 88' lang='lat' dir='ltr'>‘Et</span> <span class='ocrx_word' id='word_1_159' title='bbox 332 2767 454 2857; x_wconf 86' lang='lat' dir='ltr'>cupio,¹</span> <span class='ocrx_word' id='word_1_160' title='bbox 475 2776 509 2833; x_wconf 90' lang='lat' dir='ltr'>et</span> <span class='ocrx_word' id='word_1_161' title='bbox 536 2787 691 2856; x_wconf 82' lang='lat' dir='ltr'>nequeo:</span> <span class='ocrx_word' id='word_1_162' title='bbox 716 2769 799 2857; x_wconf 91' lang='lat' dir='ltr'>quid</span> <span class='ocrx_word' id='word_1_163' title='bbox 823 2770 951 2859; x_wconf 88' lang='lat' dir='ltr'>agam?</span> <span class='ocrx_word' id='word_1_164' title='bbox 976 2773 1078 2838; x_wconf 90' lang='lat' dir='ltr'>modo</span> <span class='ocrx_word' id='word_1_165' title='bbox 1101 2773 1245 2838; x_wconf 89' lang='lat' dir='ltr'>vulnera</span> 
     </span>
    </p>

    <p class='ocr_par' dir='ltr' id='par_1_23' title="bbox 327 2874 470 2940">
     <span class='ocr_line' id='line_1_25' title="bbox 327 2874 470 2940; baseline -0.007 -1"><span class='ocrx_word' id='word_1_166' title='bbox 327 2874 470 2940; x_wconf 81' lang='lat' dir='ltr'>fratrum</span> 
     </span>
    </p>

    <p class='ocr_par' dir='ltr' id='par_1_24' title="bbox 195 2980 1083 3074">
     <span class='ocr_line' id='line_1_26' title="bbox 195 2980 1083 3074; baseline 0.006 -29"><span class='ocrx_word' id='word_1_167' title='bbox 195 2990 273 3046; x_wconf 89' lang='lat' dir='ltr'>ante</span> <span class='ocrx_word' id='word_1_168' title='bbox 289 2982 406 3046; x_wconf 93' lang='lat' dir='ltr'>oculos</span> <span class='ocrx_word' id='word_1_169' title='bbox 423 2980 505 3045; x_wconf 92' lang='lat' dir='ltr'>mihi</span> <span class='ocrx_word' id='word_1_170' title='bbox 519 2991 612 3058; x_wconf 88' lang='lat' dir='ltr'>sunt,</span> <span class='ocrx_word' id='word_1_171' title='bbox 631 2992 664 3047; x_wconf 89' lang='lat' dir='ltr'>et</span> <span class='ocrx_word' id='word_1_172' title='bbox 680 2992 795 3049; x_wconf 90' lang='lat' dir='ltr'>tantae</span> <span class='ocrx_word' id='word_1_173' title='bbox 812 2985 928 3052; x_wconf 91' lang='lat' dir='ltr'>caedis</span> <span class='ocrx_word' id='word_1_174' title='bbox 944 2985 1083 3074; x_wconf 72' lang='lat' dir='ltr'>imagoz</span> 
     </span>
    </p>

    <p class='ocr_par' dir='ltr' id='par_1_25' title="bbox 194 3087 1166 3180">
     <span class='ocr_line' id='line_1_27' title="bbox 194 3087 1166 3180; baseline 0.005 -29"><span class='ocrx_word' id='word_1_175' title='bbox 194 3108 286 3152; x_wconf 90' lang='lat' dir='ltr'>nunc</span> <span class='ocrx_word' id='word_1_176' title='bbox 303 3087 454 3151; x_wconf 90' lang='lat' dir='ltr'>animum</span> <span class='ocrx_word' id='word_1_177' title='bbox 471 3087 579 3172; x_wconf 92' lang='lat' dir='ltr'>pietas</span> <span class='ocrx_word' id='word_1_178' title='bbox 597 3101 818 3178; x_wconf 86' lang='lat' dir='ltr'>maternaque</span> <span class='ocrx_word' id='word_1_179' title='bbox 835 3093 975 3158; x_wconf 91' lang='lat' dir='ltr'>nomina</span> <span class='ocrx_word' id='word_1_180' title='bbox 991 3093 1166 3180; x_wconf 87' lang='lat' dir='ltr'>frangunt.</span> 
     </span>
    </p>

    <p class='ocr_par' dir='ltr' id='par_1_26' title="bbox 194 3191 1127 3274">
     <span class='ocr_line' id='line_1_28' title="bbox 194 3191 1127 3274; baseline 0.006 -18"><span class='ocrx_word' id='word_1_181' title='bbox 194 3214 249 3257; x_wconf 92' lang='lat' dir='ltr'>me</span> <span class='ocrx_word' id='word_1_182' title='bbox 267 3191 447 3257; x_wconf 83' lang='lat' dir='ltr'>miseram!</span> <span class='ocrx_word' id='word_1_183' title='bbox 472 3195 562 3259; x_wconf 90' lang='lat' dir='ltr'>male</span> <span class='ocrx_word' id='word_1_184' title='bbox 578 3194 734 3272; x_wconf 90' lang='lat' dir='ltr'>vincetis,</span> <span class='ocrx_word' id='word_1_185' title='bbox 753 3199 814 3263; x_wconf 93' lang='lat' dir='ltr'>sed</span> <span class='ocrx_word' id='word_1_186' title='bbox 830 3198 967 3274; x_wconf 90' lang='lat' dir='ltr'>vincite,</span> <span class='ocrx_word' id='word_1_187' title='bbox 986 3198 1127 3265; x_wconf 84' lang='lat' dir='ltr'>fratres:</span> 
     </span>
    </p>

    <p class='ocr_par' dir='ltr' id='par_1_27' title="bbox 194 3299 1243 3392">
     <span class='ocr_line' id='line_1_29' title="bbox 194 3299 1243 3392; baseline 0.01 -26"><span class='ocrx_word' id='word_1_188' title='bbox 194 3299 379 3366; x_wconf 92' lang='lat' dir='ltr'>dummodo</span> <span class='ocrx_word' id='word_1_189' title='bbox 394 3320 483 3386; x_wconf 89' lang='lat' dir='ltr'>quae</span> <span class='ocrx_word' id='word_1_190' title='bbox 499 3300 627 3367; x_wconf 87' lang='lat' dir='ltr'>dedero</span> <span class='ocrx_word' id='word_1_191' title='bbox 643 3303 741 3369; x_wconf 90' lang='lat' dir='ltr'>vobis</span> <span class='ocrx_word' id='word_1_192' title='bbox 758 3304 898 3381; x_wconf 87' lang='lat' dir='ltr'>solacia,</span> <span class='ocrx_word' id='word_1_193' title='bbox 917 3326 1046 3391; x_wconf 89' lang='lat' dir='ltr'>vosque</span> <span class='ocrx_word' id='word_1_194' title='bbox 1191 3333 1243 3392; x_wconf 79' lang='lat'>5¹0</span> 
     </span>
    </p>

    <p class='ocr_par' dir='ltr' id='par_1_28' title="bbox 193 3405 1108 3496">
     <span class='ocr_line' id='line_1_30' title="bbox 193 3405 1108 3496; baseline 0.007 -25"><span class='ocrx_word' id='word_1_195' title='bbox 193 3405 268 3492; x_wconf 89' lang='lat' dir='ltr'>ipsa</span> <span class='ocrx_word' id='word_1_196' title='bbox 284 3405 433 3494; x_wconf 88' lang='lat' dir='ltr'>sequar.&#39;</span> <span class='ocrx_word' id='word_1_197' title='bbox 480 3406 588 3484; x_wconf 88' lang='lat' dir='ltr'>Dixit,</span> <span class='ocrx_word' id='word_1_198' title='bbox 608 3410 796 3496; x_wconf 86' lang='lat' dir='ltr'>dextraque</span> <span class='ocrx_word' id='word_1_199' title='bbox 814 3431 934 3476; x_wconf 87' lang='lat' dir='ltr'>aversa</span> <span class='ocrx_word' id='word_1_200' title='bbox 951 3411 1108 3477; x_wconf 91' lang='lat' dir='ltr'>trementi</span> 
     </span>
    </p>

    <p class='ocr_par' dir='ltr' id='par_1_29' title="bbox 193 3513 1004 3605">
     <span class='ocr_line' id='line_1_31' title="bbox 193 3513 1004 3605; baseline 0.007 -28"><span class='ocrx_word' id='word_1_201' title='bbox 193 3513 370 3578; x_wconf 91' lang='lat' dir='ltr'>funereum</span> <span class='ocrx_word' id='word_1_202' title='bbox 387 3524 513 3580; x_wconf 87' lang='lat' dir='ltr'>torrem</span> <span class='ocrx_word' id='word_1_203' title='bbox 531 3517 661 3582; x_wconf 93' lang='lat' dir='ltr'>medios</span> <span class='ocrx_word' id='word_1_204' title='bbox 678 3517 824 3603; x_wconf 90' lang='lat' dir='ltr'>conjecit</span> <span class='ocrx_word' id='word_1_205' title='bbox 839 3517 874 3581; x_wconf 91' lang='lat' dir='ltr'>in</span> <span class='ocrx_word' id='word_1_206' title='bbox 891 3517 1004 3605; x_wconf 90' lang='lat' dir='ltr'>ignes.</span> 
     </span>
    </p>

    <p class='ocr_par' dir='ltr' id='par_1_30' title="bbox 193 3620 1017 3710">
     <span class='ocr_line' id='line_1_32' title="bbox 193 3620 1017 3710; baseline 0.008 -27"><span class='ocrx_word' id='word_1_207' title='bbox 193 3629 252 3684; x_wconf 88' lang='lat' dir='ltr'>aut</span> <span class='ocrx_word' id='word_1_208' title='bbox 266 3620 372 3697; x_wconf 91' lang='lat' dir='ltr'>dedit,</span> <span class='ocrx_word' id='word_1_209' title='bbox 391 3633 449 3688; x_wconf 89' lang='lat' dir='ltr'>aut</span> <span class='ocrx_word' id='word_1_210' title='bbox 464 3623 557 3688; x_wconf 90' lang='lat' dir='ltr'>visus</span> <span class='ocrx_word' id='word_1_211' title='bbox 574 3623 722 3710; x_wconf 86' lang='lat' dir='ltr'>gemitus</span> <span class='ocrx_word' id='word_1_212' title='bbox 740 3634 790 3688; x_wconf 89' lang='lat' dir='ltr'>est</span> <span class='ocrx_word' id='word_1_213' title='bbox 806 3623 863 3688; x_wconf 92' lang='lat' dir='ltr'>ille</span> <span class='ocrx_word' id='word_1_214' title='bbox 880 3625 1017 3690; x_wconf 90' lang='lat' dir='ltr'>dedisse</span> 
     </span>
    </p>

    <p class='ocr_par' dir='ltr' id='par_1_31' title="bbox 192 3725 1240 3928">
     <span class='ocr_line' id='line_1_33' title="bbox 192 3725 1013 3816; baseline 0.006 -26"><span class='ocrx_word' id='word_1_215' title='bbox 192 3725 309 3810; x_wconf 91' lang='lat' dir='ltr'>stipes,</span> <span class='ocrx_word' id='word_1_216' title='bbox 328 3740 365 3794; x_wconf 91' lang='lat' dir='ltr'>ut</span> <span class='ocrx_word' id='word_1_217' title='bbox 380 3729 494 3800; x_wconf 88' lang='lat' dir='ltr'>invitis</span> <span class='ocrx_word' id='word_1_218' title='bbox 511 3741 687 3814; x_wconf 90' lang='lat' dir='ltr'>correptus</span> <span class='ocrx_word' id='word_1_219' title='bbox 704 3729 749 3792; x_wconf 92' lang='lat' dir='ltr'>ab</span> <span class='ocrx_word' id='word_1_220' title='bbox 765 3729 903 3816; x_wconf 86' lang='lat' dir='ltr'>ignibus</span> <span class='ocrx_word' id='word_1_221' title='bbox 921 3732 1013 3797; x_wconf 88' lang='lat' dir='ltr'>arsit.</span> 
     </span>
     <span class='ocr_line' id='line_1_34' title="bbox 237 3831 1240 3928; baseline 0.012 -34"><span class='ocrx_word' id='word_1_222' title='bbox 237 3831 370 3899; x_wconf 89' lang='lat' dir='ltr'>Inscius</span> <span class='ocrx_word' id='word_1_223' title='bbox 387 3847 487 3920; x_wconf 91' lang='lat' dir='ltr'>atque</span> <span class='ocrx_word' id='word_1_224' title='bbox 505 3835 629 3899; x_wconf 88' lang='lat' dir='ltr'>absens</span> <span class='ocrx_word' id='word_1_225' title='bbox 645 3834 785 3897; x_wconf 89' lang='lat' dir='ltr'>flamma</span> <span class='ocrx_word' id='word_1_226' title='bbox 801 3834 1001 3923; x_wconf 88' lang='lat' dir='ltr'>Meleagros</span> <span class='ocrx_word' id='word_1_227' title='bbox 1018 3838 1062 3904; x_wconf 95' lang='lat' dir='ltr'>ab</span> <span class='ocrx_word' id='word_1_228' title='bbox 1078 3838 1137 3905; x_wconf 90' lang='lat' dir='ltr'>illa</span> <span class='ocrx_word' id='word_1_229' title='bbox 1189 3870 1240 3928; x_wconf 79' lang='lat'>515</span> 
     </span>
    </p>

    <p class='ocr_par' dir='ltr' id='par_1_32' title="bbox 190 3939 890 4018">
     <span class='ocr_line' id='line_1_35' title="bbox 190 3939 890 4018; baseline 0.004 -14"><span class='ocrx_word' id='word_1_230' title='bbox 190 3939 310 4018; x_wconf 87' lang='lat' dir='ltr'>uritur,</span> <span class='ocrx_word' id='word_1_231' title='bbox 328 3950 361 4005; x_wconf 91' lang='lat' dir='ltr'>et</span> <span class='ocrx_word' id='word_1_232' title='bbox 376 3940 489 4005; x_wconf 91' lang='lat' dir='ltr'>caecis</span> <span class='ocrx_word' id='word_1_233' title='bbox 505 3940 624 4006; x_wconf 88' lang='lat' dir='ltr'>torreri</span> <span class='ocrx_word' id='word_1_234' title='bbox 640 3939 774 4005; x_wconf 89' lang='lat' dir='ltr'>viscera</span> <span class='ocrx_word' id='word_1_235' title='bbox 790 3942 890 4016; x_wconf 80' lang='lat' dir='ltr'>sentit</span> 
     </span>
    </p>
   </div>
   <div class='ocr_carea' id='block_1_3' title="bbox 0 0 1380 4350">
    <p class='ocr_par' dir='ltr' id='par_1_33' title="bbox 0 0 1380 4350">
     <span class='ocr_line' id='line_1_36' title="bbox 0 0 1380 4350; baseline 0 1"><span class='ocrx_word' id='word_1_236' title='bbox 0 0 1380 4350; x_wconf 95' lang='lat' dir='ltr'> </span> 
     </span>
    </p>
   </div>
  </div>
 </body>
</html>
