2790 4356
179 283 242 354 152
449 265 521 332 Tte
544 266 749 354 Apotheosis
773 270 820 352 of
841 267 971 334 Coesar.
1089 287 1230 358 [Mersa.

174 461 337 549 temporis
357 473 503 528 aetatem
519 477 808 551 venturorumque
825 477 988 550 nepotum
1179 484 1230 552 855

175 569 401 658 prospiciens,
422 571 552 653 prolem
570 583 689 636 sancta
707 572 749 636 de
767 571 914 659 conjuge
932 566 1063 638 natam

176 678 264 744 serre
280 677 381 742 simul
401 697 596 762 nomenque
613 699 713 742 suum
730 698 899 763 curasque
912 678 1065 766 jubebit:

175 806 253 859 nec,
271 784 335 849 nisi
354 804 432 848 cum
450 782 564 848 senior
585 780 705 866 Pylios
727 783 925 869 aequaverit
941 804 1065 861 annos,

176 891 345 958 aetherias
361 890 460 955 sedes
479 902 696 975 cognataque
713 888 826 954 sidera
843 900 974 976 tanget.

175 999 266 1063 hanc
283 997 433 1062 animam
451 996 580 1060 interea
598 1015 700 1060 caeso
716 995 759 1060 de
777 1016 919 1080 corpore
937 1008 1071 1081 raptam
1178 1013 1230 1079 840

175 1104 230 1170 sac
241 1105 357 1193 jubar,
375 1115 412 1168 ut
427 1123 563 1188 semper
580 1099 752 1186 Capitolia
770 1112 887 1168 nostra
903 1102 1083 1189 lorumque

175 1211 274 1276 divus
291 1212 335 1275 ab
352 1212 489 1277 excelsa
508 1218 701 1295 prospectet
712 1207 825 1292 Julius
843 1208 953 1275 aede.’

219 1317 290 1383 Vix
308 1339 349 1382 ea
364 1317 454 1382 satus
471 1329 555 1392 erat,
575 1315 689 1381 media
706 1335 785 1378 cum
802 1315 884 1382 sede
900 1327 1040 1382 senatus

175 1424 322 1490 constitit
339 1424 430 1487 alma
444 1422 579 1498 Venus,
598 1420 682 1486 nulli
701 1421 889 1496 cernenda,
908 1422 1029 1508 suique

175 1528 336 1595 Caesaris
353 1529 474 1615 eripuit
492 1528 666 1601 membris,
685 1547 750 1592 nec
767 1526 802 1590 in
819 1532 900 1592 aera
917 1529 1003 1594 solvi
1177 1547 1228 1616 843

174 1656 277 1721 passa
294 1647 465 1700 recentem
483 1636 634 1700 animam
651 1633 856 1698 caelestibus
872 1633 985 1698 intulit
1001 1635 1113 1702 astris.

175 1742 326 1829 dumque
342 1743 427 1817 tulit,
445 1742 561 1806 lumen
578 1762 703 1826 capere
721 1751 821 1827 atque
839 1739 1019 1826 ignescere
1036 1741 1156 1819 sensit,

174 1848 351 1936 emisitque
368 1849 457 1914 sinu.
506 1847 609 1914 Luna
627 1848 720 1914 volat
736 1847 837 1912 altius
855 1846 928 1924 illa,

173 1953 482 2044 flammiferumque
501 1955 639 2020 trahens
656 1954 806 2040 spatioso
824 1953 931 2020 limite
949 1954 1078 2024 crinein

174 2061 271 2127 stella
288 2061 402 2136 micat,
421 2062 559 2151 natique
576 2062 696 2128 videns
713 2060 893 2128 benefacta
911 2059 1035 2128 fatetur
1175 2080 1229 2148 850

173 2188 249 2232 esse
266 2168 335 2233 suis
352 2167 495 2257 majora,
514 2181 547 2234 et
562 2167 653 2234 vinci
671 2167 799 2255 gaudet
816 2165 946 2232 abillo.

173 2275 230 2340 hic
246 2297 308 2340 sua
325 2275 488 2360 praeferri
507 2295 717 2361 quamquam
733 2286 824 2340 vetat
841 2284 917 2338 acta
934 2273 1101 2358 paternis,

173 2380 280 2446 libera
297 2382 389 2446 sama
407 2393 520 2448 tamen
539 2381 708 2467 nullisque
725 2380 874 2446 obnoxia
888 2379 993 2468 jussis

171 2485 314 2552 invitum
331 2488 491 2574 praefert,
509 2509 646 2575 unaque
662 2488 697 2552 in
715 2499 810 2573 parte
828 2498 1011 2574 repugnat.

172 2594 222 2659 sic
238 2594 355 2681 magni
372 2595 462 2660 cedit
478 2594 582 2660 titulis
600 2593 876 2682 Agamemnonis
893 2594 1041 2672 Atreus;
1175 2614 1226 2686 853

171 2698 295 2787 Aegea
311 2701 361 2766 sic
377 2700 549 2776 Theseus,
568 2700 617 2766 sic
635 2700 740 2767 Pelea
756 2700 861 2768 vincit
878 2699 1047 2772 Achilles.

172 2807 332 2894 denique,
350 2818 387 2872 ut
404 2809 571 2893 exemplis
589 2808 681 2893 ipsos
700 2811 927 2897 aequantibus
943 2824 1033 2890 utar,

171 2914 269 2979 sicet
285 2913 454 2980 Saturnus
473 2915 582 2979 minor
599 2929 651 2980 est
661 2915 761 3000 Jove.
807 2918 966 3004 Juppiter
982 2941 1080 2988 arces

170 3032 337 3106 temperat
352 3022 522 3088 aetherias
542 3032 575 3086 et
591 3023 709 3088 mundi
726 3045 836 3112 regna
852 3025 1035 3102 triformisr

170 3138 260 3191 terra
276 3128 339 3192 sub
355 3127 534 3216 Augusto:
559 3143 657 3216 pater
673 3145 723 3200 est
739 3143 773 3199 et
791 3145 902 3201 rector
917 3146 1071 3221 uterque·
1173 3151 1226 3208 860

216 3234 275 3311 Di,
292 3255 426 3320 precor,
444 3234 586 3302 Aeneae
606 3241 761 3318 comites,
780 3243 903 3328 quibus
919 3242 1011 3308 ensis
1028 3252 1061 3307 et
1076 3240 1168 3330 ignis
1202 3309 1204 3316 ,

170 3353 357 3419 cesserunt,
376 3343 478 3431 dique
497 3345 687 3436 Indigetes,
706 3349 908 3437 genitorque
927 3347 1073 3432 Quirine

170 3447 288 3525 Urbis,
307 3460 339 3516 et
355 3451 470 3518 invicti
488 3458 623 3544 genitor
640 3456 792 3523 Gradive
812 3454 964 3541 Qirini,

168 3555 344 3646 Vestaque
362 3559 555 3631 Caesareos
571 3563 659 3630 inter
678 3575 812 3629 sacrata
830 3574 984 3648 penates,

170 3674 296 3730 etcum
314 3666 489 3736 Caesarea
507 3682 556 3744 tu,
575 3669 717 3736 Phoebe
734 3669 933 3745 domestice,
950 3668 1075 3746 Vesta,
1171 3684 1225 3756 865

169 3771 295 3858 quique
311 3785 408 3841 tenes
426 3777 514 3842 altus
531 3776 701 3860 Tarpeias
713 3776 871 3862 Juppiter
887 3791 999 3851 arces,

169 3897 323 3964 quosque
343 3882 428 3948 alios
444 3881 512 3947 vati
529 3883 581 3948 sas
598 3883 774 3967 appellare
790 3882 954 3969 piumque
970 3891 1042 3952 est:

169 3985 267 4048 tarda
285 3984 327 4049 sit
343 3986 401 4049 illa
418 3986 491 4052 dies
507 3998 541 4052 et
556 3998 671 4054 nostro
688 3986 795 4108 serior
814 4008 913 4065 aevo,
