2790 4356
184 295 224 349 11.
245 293 340 368 6‚12.]
515 275 631 364 Elegy
655 297 697 341 on
720 297 744 340 a
766 275 913 342 Parrot.
1168 269 1230 358 167

163 465 166 470 ’
182 473 323 560 Tityrus
340 485 373 540 et
388 475 506 562 fruges
522 473 725 560 Aeneiaque
743 494 839 538 arma
855 474 1026 560 legentur,
1198 498 1231 556 25

227 579 341 644 Roma
358 580 555 666 triumphati
573 581 654 645 dum
671 592 773 665 caput
789 580 880 645 orbis
897 579 971 644 erit.

183 684 304 751 Donec
321 698 419 752 erunt
434 687 533 774 ignes
550 695 717 772 arcusque
734 685 915 771 Cupidinis
932 677 1042 762 arma,

229 791 412 857 Discentur
428 793 574 870 numeri,
593 794 682 858 culte
698 793 850 866 Tibulle,
869 792 927 856 tui.

184 897 305 964 Gallus
323 909 356 963 et
373 899 551 986 Hesperiis
567 910 600 964 et
617 899 740 964 Gallus
757 911 855 964 notus
873 898 967 976 Boia,

228 1004 272 1070 Et
288 1027 350 1070 sua
367 1027 444 1070 cum
463 1005 565 1072 Gallo
582 1017 661 1072 nota
678 1005 825 1093 Lycoris
842 1006 927 1070 erit..
1199 1037 1234 1092 30

184 1110 278 1199 Ergo
295 1133 374 1178 curn
391 1113 517 1189 silices,
537 1133 616 1178 cum
633 1113 718 1177 dens
736 1111 893 1198 patientis
911 1111 1013 1177 aratri

230 1217 427 1304 Depereant
443 1241 541 1295 aevo,
560 1220 712 1284 carmina
730 1229 836 1284 morte
854 1229 983 1284 carent.

185 1322 322 1392 Cedant
335 1325 544 1391 carminibus
560 1347 661 1414 reges
678 1346 869 1413 regumque
886 1313 1063 1412 triumphi,

229 1430 340 1498 Cedat
356 1443 389 1498 et
403 1432 542 1498 auriferi
558 1433 633 1518 n'pa
649 1433 801 1520 benigna
817 1432 923 1520 Tagi.

183 1537 277 1604 Vilia
293 1539 434 1605 miretur
449 1541 596 1628 vulgus:
622 1539 705 1605 mihi
721 1539 831 1604 flavus
847 1538 974 1625 Apollo
1200 1569 1232 1628 33

229 1644 359 1712 Pocula
376 1644 529 1713 Castalia
545 1647 648 1732 plena
665 1646 830 1711 ministret
847 1667 949 1732 aqua,
1261 1650 1263 1655 ’

185 1751 449 1841 Sustineamque
466 1775 564 1819 coma
583 1764 789 1818 metuentem
806 1753 934 1840 frigora
951 1763 1122 1842 myrtumr

229 1859 344 1948 Atque
360 1861 406 1926 ita
423 1861 566 1926 sollicito
583 1861 709 1926 multus
725 1871 861 1924 amante
878 1860 989 1947 legar.

67 1988 72 1998 ⁴
185 1966 342 2033 Pascitur
357 1968 392 2033 in
408 1967 495 2033 vivis
511 1967 638 2043 Livor;
662 1979 738 2054 post
753 1967 823 2032 fata
838 1966 994 2053 quiescit,

230 2074 320 2140 Cum
337 2097 418 2141 suus
435 2097 479 2140 ex
496 2075 615 2140 merito
632 2095 803 2162 quemque
819 2085 930 2138 tuetur
947 2055 1080 2139 honos-¹
1198 2103 1234 2157 40

186 2180 280 2270 Ergo
296 2182 398 2246 etiam
415 2203 494 2246 cum
511 2203 566 2247 me
583 2203 764 2267 supremus
781 2179 933 2244 adederit
949 2176 1053 2267 ignis,

202 2269 212 2290 ⁰
230 2287 370 2366 Vivam,
388 2310 536 2376 parsque
552 2288 620 2355 mei
636 2289 743 2354 multa
760 2298 931 2375 superstes
947 2287 1022 2353 erit.

410 2629 443 2677 2.
469 2611 585 2701 Elegy
605 2633 651 2679 on
674 2633 698 2678 a
720 2612 856 2680 Parrot
881 2611 934 2702 (ii.
952 2608 1009 2700 6).
1084 2691 1091 2702 ι

257 2825 512 2904 SITTACUS,
532 2827 602 2894 eois
619 2828 781 2893 imitatrix
799 2829 870 2894 ales
887 2829 931 2893 ab
947 2827 1055 2904 Indis,

302 2933 458 3001 Occidit!
484 2935 666 3022 exsequias
683 2935 728 3000 ite
746 2935 952 3022 frequenter,
972 2953 1065 2999 aves.

188 3039 251 3116 Ite,
270 3040 347 3126 piae
363 3042 532 3117 volucres,
552 3052 584 3106 et
601 3043 754 3130 plangite
772 3053 910 3128 pectora
928 3040 1055 3127 pinnis,

233 3147 277 3213 Et
293 3147 405 3236 rigido
419 3160 555 3214 teneras
571 3169 688 3236 ungue
704 3161 818 3214 notate
835 3169 956 3237 genas.

190 3253 340 3320 Horrida
357 3274 418 3339 pro
434 3254 573 3321 maestis
589 3255 735 3320 lanietur
751 3256 869 3342 pluma
886 3255 1033 3342 capillis,
1223 3280 1238 3339 ς

233 3358 301 3425 Pro
317 3361 423 3448 longa
439 3372 599 3427 resonent
615 3361 768 3426 carmina
784 3373 897 3428 vestra
913 3363 1007 3427 tuba.

191 3465 295 3554 Qod
312 3468 424 3533 scelus
441 3467 575 3532 Ismarii
592 3469 755 3554 quereris,
774 3467 979 3544 Philomela,
997 3464 1147 3556 tyranni,

235 3571 381 3657 Expleta
398 3583 449 3638 est
464 3573 563 3639 annis
579 3574 644 3639 ista
660 3575 812 3660 querella
829 3575 910 3641 suis.

190 3676 291 3744 Alitis
308 3678 342 3743 in
359 3700 457 3744 rarae
475 3680 637 3745 miserum
655 3681 829 3746 devertere
846 3681 970 3746 sunus:

236 3784 371 3872 Magna
388 3786 450 3851 sed
467 3786 594 3872 antiqui
613 3807 718 3851 causa
736 3787 860 3879 doloris
879 3787 964 3874 Itys.
1209 3815 1242 3856 10

189 3890 336 3966 Omnes,
355 3889 444 3978 quae
461 3892 590 3979 liquido
606 3892 736 3959 libratis
752 3891 787 3956 in
806 3899 884 3958 aere
901 3913 1034 3968 cursus,

236 3997 293 4062 Tu
309 4008 423 4065 tamen
440 4011 519 4066 ante
535 4000 633 4098 alios,
651 4009 758 4065 turtur
775 4000 898 4077 amice,
916 4000 1008 4066 dole.
