2790 4356
186 169 250 258 158
566 170 716 240 Skorter
737 172 872 239 Poems.
1112 187 1226 262 [Fasrr

185 369 255 436 Vix
271 365 430 456 equidem
446 364 571 432 credo:
596 377 675 433 sunt
690 367 749 454 qui
766 366 984 434 Phaethonta
1000 366 1120 434 referri

229 475 394 551 Credant,
414 484 448 539 et
463 473 588 539 nimias
605 473 829 539 Deucalionis
847 495 966 560 aquas.

182 582 269 650 Pars
284 602 433 668 quoque,
452 601 531 645 cum
548 579 642 646 saxis
660 591 813 665 pastores
830 601 915 646 saxa
932 580 1091 659 seribant,
1188 612 1239 671 795

228 687 421 754 Scintillam
439 686 550 752 subito
567 687 765 772 prosiluisse
781 684 914 751 serunt:

183 794 299 860 Prima
315 793 454 879 quidem
471 793 582 877 periit,
601 793 732 878 stipulis
749 805 894 878 excepta
911 795 1064 861 secunda
1080 805 1144 860 est.

228 899 306 965 Hoc
323 910 564 986 argumentum
582 897 721 963 flamma
738 897 863 964 Parilis
879 899 1005 966 habet?

181 1004 239 1070 An
256 1005 369 1094 magis
386 1005 478 1070 hunc
495 1026 625 1070 morem
643 1005 752 1090 pietas
768 1004 903 1070 Aeneia
920 1006 1012 1083 tecit,

227 1111 418 1177 Innocuum
434 1111 524 1177 victo
540 1110 596 1176 cui
613 1111 705 1177 dedit
720 1111 812 1200 ignis
829 1111 914 1178 iter?
1188 1133 1240 1188 800

182 1216 276 1283 Num
293 1229 409 1283 tamen
425 1228 476 1284 est
491 1239 573 1284 vero
590 1217 742 1303 propius,
762 1239 840 1283 cum
858 1218 996 1287 condita
1011 1219 1128 1288 Roma
1143 1232 1207 1298 est,

226 1322 422 1389 Transferri
436 1323 548 1412 jussos
565 1323 600 1388 in
616 1344 706 1388 nova
722 1335 811 1389 tecta
827 1323 952 1401 Lares,

181 1427 425 1516 Mutantesque
441 1430 581 1494 domum
598 1429 693 1495 tectis
710 1430 903 1517 agrestibus
918 1431 1051 1521 ignem,

227 1535 272 1600 Et
288 1547 482 1601 cessaturae
501 1537 721 1622 supposuisse
738 1558 853 1614 casae,

180 1640 248 1708 Per
265 1640 422 1708 flammas
439 1643 582 1708 saluisse
599 1665 718 1729 pecus,
736 1645 881 1712 saluisse
898 1645 1062 1716 colonos?
1186 1668 1238 1741 805

228 1746 333 1833 Qod
349 1749 386 1813 fit
401 1749 505 1815 natali
523 1771 616 1814 nunc
631 1772 781 1838 quoque,
800 1752 929 1830 Roma,
947 1767 1018 1822 tuo.

181 1855 261 1942 Ipse
278 1856 372 1922 locus
389 1876 512 1922 causas
528 1856 597 1922 vati
614 1857 704 1922 facit.
754 1859 860 1926 Urbis
876 1861 975 1950 origo

225 1962 350 2029 Venit:
375 1964 458 2031 ades
474 1963 584 2043 factis,
603 1986 730 2055 magne
748 1964 909 2053 Quirine,
926 1967 1016 2038 tuisl

429 2306 461 2355 2.
494 2287 567 2356 The
587 2288 783 2380 Foundzitg
802 2292 852 2379 eff
862 2291 987 2359 Rome.

178 2503 303 2649 JAM
318 2504 429 2569 luerat
445 2523 575 2589 poenas
591 2504 695 2571 frater
710 2504 914 2583 Numitoris,
934 2518 967 2574 et
983 2529 1085 2576 omne

271 2612 452 2677 Pastorum
470 2612 610 2700 gemino
626 2613 689 2678 sub
706 2613 794 2678 duce
810 2615 935 2702 volgus
951 2628 1036 2681 erat.
1183 2635 1237 2690 810

180 2716 394 2785 Contrabere
411 2730 565 2808 agrestes
582 2729 615 2785 et
631 2719 767 2784 moenia
783 2741 911 2805 ponere
927 2723 1061 2811 utrique

224 2825 415 2892 Convenit:
440 2825 638 2912 ambigitur,
657 2826 793 2891 moenia
811 2838 917 2911 ponat
931 2840 1018 2893 uter.

180 2932 258 2999 ‘Nil
274 2956 361 3020 opus
378 2933 447 2998 est’
463 2932 549 2998 dixit
564 2931 790 2997 ‘certamine'
814 2933 987 3000 Romulus
1001 2935 1112 3002 ‘ullos

224 3039 358 3128 Magna
375 3041 460 3105 fides
478 3039 592 3104 avium
610 3049 661 3104 est
671 3060 680 3113 ;
706 3039 925 3124 experiamur
942 3042 1049 3108 aves!

177 3142 251 3212 Res
268 3148 401 3232 placet:
427 3147 512 3211 alter
528 3145 597 3210 adit
613 3146 783 3210 nemorosi
800 3167 886 3212 saxa
903 3146 1014 3212 Palati
1026 3139 1046 3222 ς’
1180 3167 1231 3236 315

222 3253 320 3318 Alter
335 3251 546 3318 Aventinum
563 3273 666 3317 mane
681 3272 849 3318 cacumen
865 3253 935 3319 init.

177 3360 250 3428 Sex
267 3361 412 3435 Remus,
431 3359 488 3424 hic
503 3359 660 3424 volucres
676 3358 728 3423 bis
744 3381 806 3424 sex
821 3359 915 3425 videt
930 3360 1069 3436 ordine;
1094 3371 1196 3448 pacto

222 3466 350 3542 statur,
370 3477 403 3531 et
419 3464 594 3530 arbitrium
611 3464 782 3530 Romulus
799 3465 892 3531 urbis
909 3468 1023 3533 habet.

176 3573 269 3661 Apta
286 3574 358 3640 dies
374 3572 512 3660 legitur,
530 3592 598 3658 qua
615 3571 751 3636 moenia
767 3569 880 3660 signet
895 3585 1019 3640 aratro.

222 3681 330 3746 Sacra
347 3680 440 3746 Palis
457 3681 639 3753 suberant;
665 3679 744 3744 inde
761 3692 917 3746 movetur
931 3704 1039 3767 opus:
1181 3702 1234 3755 820

176 3785 285 3851 Fossa
302 3788 338 3850 fit
354 3786 398 3851 ad
416 3786 584 3860 solidum3
610 3786 728 3872 fruges
740 3785 914 3873 jaciuntur
929 3787 965 3852 in
981 3788 1064 3865 ima,

222 3889 266 3959 Et
281 3889 325 3956 de
339 3891 451 3958 vicino
467 3902 556 3956 terra
572 3891 677 3978 petita
692 3891 778 3956 solo·
