2752 4350
87 329 95 350 ·
162 256 198 310 V.
212 253 289 324 oon]
437 187 668 326 Triptolemus
692 238 766 302 and
785 237 939 324 Lyncus.
1171 253 1216 326 59

164 455 220 498 ros
237 433 347 508 cadit;
373 444 406 498 et
420 433 517 498 citius
534 456 638 520 quam
655 455 746 498 nunc
763 434 928 499 tibtsacta
944 454 1098 511 renarro,
1163 451 1215 521 635

164 541 199 605 in
216 541 333 604 latices
350 550 473 604 mutor.
523 540 594 605 Sed
611 541 703 606 enim
719 541 896 627 cognoscit
912 552 1043 606 amatas

165 647 276 711 amnis
293 668 413 733 aquam
432 645 610 733 positoque
626 647 690 711 viri
707 648 800 733 quod
817 659 1010 732 sumpserat
1025 668 1098 724 ore,

164 754 303 817 vertitur
319 755 353 816 in
370 752 538 837 proprias,
557 764 594 816 ut
610 774 646 817 se
664 753 748 817 mihi
767 753 920 829 misceat,
939 755 1063 818 undas.

165 858 267 924 Delia
283 859 373 945 rupit
389 860 545 933 humum,
564 858 745 944 caecisque
762 879 829 946 ego
847 881 957 924 mersa
976 860 1132 926 cavernis

165 966 317 1031 advehor
333 965 529 1053 Ortygiam,
548 985 638 1051 quae
656 986 710 1029 me
727 966 932 1052 cognomine
950 966 1049 1032 divae
1163 983 1217 1050 640
1316 1052 1321 1060 .

165 1084 265 1160 grata
283 1093 379 1136 meae
397 1092 539 1156 superas
555 1071 673 1135 eduxit
689 1071 801 1156 prima
817 1073 881 1136 sub
898 1073 1026 1137 auras.’

212 1179 291 1244 Hac
306 1178 480 1266 Arethusa
497 1188 609 1244 tenus.
659 1175 826 1242 Geminos
843 1176 908 1242 dea
925 1178 1043 1244 fertilis
1061 1201 1193 1268 angues

164 1289 320 1354 curribus
337 1287 498 1362 admovit,
516 1287 687 1373 frenisque
704 1286 854 1350 coercuit
870 1309 944 1362 ora,

165 1406 198 1459 et
215 1395 363 1459 medium
381 1393 466 1459 caeli
484 1406 662 1480 terraeque
680 1413 741 1478 per
757 1398 838 1456 aera
855 1404 953 1458 vecta
970 1405 1034 1470 est,

165 1514 266 1588 atque
283 1503 394 1566 levem
411 1521 548 1566 currum
564 1499 744 1564 Tritonida
761 1498 853 1562 misit
870 1499 903 1562 in
920 1501 1041 1565 urbem
1161 1517 1215 1588 643
1243 1587 1246 1592 Ι

163 1608 397 1693 Triptolem03
423 1607 612 1694 partimque
629 1606 704 1672 rudi
722 1606 801 1670 data
819 1606 952 1670 semina
963 1607 1065 1694 jussit

164 1737 329 1802 spargere
346 1717 462 1790 humo,
482 1715 602 1800 partim
621 1726 696 1799 post
712 1725 866 1798 tempora
884 1714 989 1800 longa
1006 1715 1171 1780 recultae.

162 1823 233 1910 jam
250 1843 353 1907 super
368 1821 529 1906 Europen
546 1821 701 1885 sublimis
719 1833 752 1885 et
766 1819 877 1885 Asida
894 1831 1021 1884 terram

163 1939 281 1994 vectus
298 1941 369 1992 erat
381 1928 537 2016 juvenis;
564 1925 746 2013 Scythicas
763 1927 950 1991 advertitur
965 1948 1057 1992 oras.

163 2058 225 2101 rex
242 2035 286 2099 ibi
305 2034 446 2122 Lyncus
463 2045 546 2098 erat.
596 2033 707 2122 Regis
725 2035 813 2099 subit
829 2033 887 2097 ille
904 2045 1067 2118 penates;
1161 2051 1214 2122 650

163 2163 232 2230 qua
247 2143 373 2218 veniat,
392 2162 600 2228 causamque
617 2141 693 2206 viae
710 2161 904 2227 nomenque
922 2151 1062 2227 rogatus

163 2261 196 2314 et
213 2249 369 2335 patriam,
389 2247 526 2312 ‘Patria
544 2259 595 2313 est
611 2248 725 2312 clarae
742 2247 846 2311 mihi'
863 2245 949 2312 dixit
967 2245 1170 2322 ‘Athenae3

163 2355 395 2440 Triptolemus
412 2375 550 2419 nomen.
598 2354 689 2419 Veni
707 2375 771 2418 nec
788 2374 903 2439 puppe
919 2374 981 2438 per
996 2353 1121 2428 undas,

161 2485 228 2528 nec
244 2462 331 2548 pede
348 2483 409 2547 per
424 2473 552 2526 terras:
576 2461 684 2546 patuit
700 2461 783 2524 mihi
801 2460 938 2546 pervius
955 2460 1086 2525 aethen

161 2571 253 2635 dona
270 2569 342 2633 sero
358 2566 509 2642 Cereris,
528 2568 613 2632 latos
630 2588 719 2654 quae
737 2587 856 2652 sparsa
874 2588 936 2652 per
953 2589 1057 2654 agros
1159 2583 1213 2655 653

160 2676 344 2763 frugiferas
361 2695 490 2739 messes
506 2675 736 2760 alimentaque
754 2674 847 2739 mitia
863 2675 1033 2740 reddant.’

159 2783 328 2848 barbarus
344 2781 482 2855 invidit3
508 2781 659 2868 tantique
676 2793 713 2846 ut
729 2781 881 2847 muneris
899 2795 1017 2847 auctor

159 2889 236 2975 ipse
253 2889 306 2963 sit,
325 2887 471 2973 hospitio
487 2887 618 2972 recipit,
638 2909 826 2976 somnoque
844 2902 1026 2977 gravatum

161 2995 360 3082 adgreditur
376 2995 477 3060 serm·
525 2992 717 3060 Conantem
734 2995 843 3082 figere
860 3006 979 3082 pectus

159 3103 265 3189 lynca
281 3099 388 3168 Ceres
403 3100 495 3177 fecit,
513 3122 697 3188 rursusque
714 3124 776 3188 per
792 3108 874 3168 aera
886 3102 987 3191 jussit
1159 3121 1212 3177 666

159 3206 382 3295 Mopsopium
395 3207 558 3297 juvenem
574 3211 691 3276 sacr'os
708 3209 840 3298 agitare
852 3209 1005 3298 jugales.
