2790 4356
188 181 226 236 X.
243 178 317 252 162.]
472 161 544 231 Tae
566 163 670 252 Rape
691 165 741 250 ry
759 161 970 249 Ganymede.
1105 189 1109 194 ·
1176 178 1239 232 τοι

188 381 253 426 nec
269 359 361 426 tiliae
379 359 513 436 molles,
532 381 597 426 nec
614 360 715 448 fagus
732 370 765 424 et
781 359 910 424 innuba
928 357 1059 434 laurus,

188 488 253 533 nec
270 465 377 556 coryli
394 467 547 554 fragiles,
566 480 600 532 et
615 467 771 532 fraxinus
785 465 877 531 utilis
894 464 1013 542 hastis,

188 575 375 662 enodisque
392 573 501 650 abies,
520 585 728 660 curvataque
745 571 931 661 glandibus
946 571 1029 648 ilex,

188 692 222 748 et
238 683 397 768 platanus
413 680 574 771 genialis,
594 700 742 766 acerque
758 662 930 746 coloiibus
947 676 1071 764 impar,
1147 751 1154 770 ⁸
1206 707 1241 766 95

189 789 450 876 amnicolaeque
466 787 567 855 simul
585 786 708 852 salices
725 797 759 852 et
775 784 933 873 aquatica
950 785 1049 861 lotos,

188 907 422 983 perpetuoque
437 895 551 961 virens
567 894 712 969 buxum,
730 904 920 979 tenuesque
938 891 1103 979 myricae,

158 1082 163 1093 ι
188 1015 223 1070 et
237 1004 368 1071 bicolor
382 1014 527 1090 myrtus,
544 1012 579 1068 et
594 1000 690 1066 bacis
708 998 847 1065 caerula
864 998 968 1064 tinus.

188 1132 250 1177 vos
266 1131 414 1199 quoque,
432 1107 620 1196 flexipedes
637 1108 800 1182 hederae,
818 1104 971 1181 venistis,
990 1114 1024 1173 et
1037 1123 1108 1172 una
1311 1191 1313 1195 Ι

188 1217 395 1304 pampineae
411 1216 496 1282 vites
512 1227 545 1282 et
562 1214 706 1280 amictae
724 1213 848 1279 vitibus
864 1211 948 1278 ulmi
961 1234 970 1287 ;
1178 1241 1242 1282 ,ιω

189 1323 331 1411 ornique
347 1334 381 1389 et
397 1323 525 1410 piceae,
533 1342 704 1410 pomoque
721 1330 862 1388 onerata
880 1317 1015 1387 rubenti

189 1432 342 1509 arbutus,
358 1441 393 1497 et
407 1431 519 1496 lentae
540 1429 696 1518 (victoris
713 1426 886 1515 praemia)
906 1427 1057 1514 palmae,

189 1549 223 1604 et
239 1537 412 1603 succincta
428 1557 545 1603 comas
562 1536 760 1623 hirsutaque
777 1533 903 1600 vertice
920 1533 1034 1620 pinus,

187 1656 287 1734 grata
304 1645 406 1710 deum
424 1643 543 1709 matri:
569 1642 737 1729 siquidem
755 1640 943 1729 Cybeleius
960 1639 1051 1710 Attis

189 1751 283 1817 exuit
299 1753 365 1816 hac
381 1751 569 1826 homiuem,
587 1761 775 1836 truncoque
791 1748 943 1816 induruit
958 1747 1030 1816 illo.
1193 1777 1240 1836 105
1344 1739 1354 1758 ’

233 1857 322 1924 Tale
337 1879 458 1923 nemus
474 1869 570 1922 vates
587 1866 791 1931 attraxeratr
815 1855 922 1943 inque
938 1854 1090 1924 serarum

188 1963 334 2031 concilio
350 1964 483 2030 medius
499 1964 863 2051 turbavolucrumque
881 1963 1035 2030 sedebat.
1063 1959 1076 1972 ’

187 2082 226 2136 ut
242 2071 323 2137 satis
339 2071 505 2157 impulsas
521 2070 698 2157 temptavit
713 2071 838 2157 pollice
856 2070 1017 2147 chordas,
1191 2100 1240 2159 ¹45

185 2188 222 2245 et
237 2178 342 2244 sensit
357 2179 482 2254 varios,
498 2177 659 2266 quamvis
676 2176 811 2244 diversa
828 2188 1003 2252 sonarent,

188 2285 397 2351 concordare
413 2285 546 2360 modos,
565 2285 632 2350 hoc
647 2305 767 2350 vocem
784 2284 940 2350 carmine
956 2283 1082 2351 movit:

235 2389 315 2457 ‘Ab
326 2391 425 2479 Jove,
440 2389 544 2457 Musa
561 2413 687 2478 parens
706 2391 852 2480 (cedunt
863 2390 961 2478 Jovis
976 2391 1092 2458 omnia
1108 2390 1236 2482 reguo)

188 2499 341 2564 carmina
357 2509 472 2565 nostra
489 2519 609 2565 move:
629 2499 727 2586 Jovis
743 2510 795 2565 est
811 2499 895 2565 mihi
912 2519 1017 2585 saepe
1034 2509 1184 2586 potestas

188 2607 278 2672 dicta
295 2605 402 2692 prius.
450 2604 572 2673 Cecini
588 2606 718 2692 plectro
735 2605 895 2694 graviore
911 2605 1098 2694 Gigantas,
1191 2635 1242 2694 150

185 2733 375 2800 sparsaque
392 2712 595 2801 Phlegraeis
612 2712 765 2780 victricia
782 2713 934 2792 fulmina·
945 2714 1099 2799 campisr

188 2839 281 2885 nunc
294 2841 382 2906 opus
399 2829 450 2886 est
464 2819 592 2886 leviore
607 2820 698 2907 lyra,
716 2841 908 2908 puerosque
925 2841 1091 2887 canamus

189 2925 330 2992 dilectos
346 2926 492 3012 superis,
511 2925 790 3015 inconcessisque
807 2927 941 3013 puellas

189 3033 329 3122 ignibus
344 3032 500 3100 attonitas
517 3035 683 3100 meruisse
700 3033 841 3100 libidine
858 3054 1019 3120 poenam.

236 3151 245 3182 ⁶
261 3140 342 3206 Rex
356 3161 517 3226 superum
535 3139 682 3230 Phrygii
697 3140 1108 3229 quondamGanymedis
1124 3161 1240 3208 amore

190 3247 284 3322 arsit,
302 3257 335 3312 et
349 3247 524 3314 inventum
539 3258 590 3314 est
606 3248 748 3336 aliquid,
767 3248 858 3335 quod
868 3247 1029 3336 Juppiter
1045 3269 1134 3325 esse,

189 3375 292 3441 quam
309 3355 401 3440 quod
418 3365 501 3431 erat,
521 3356 649 3422 mallet.
698 3354 806 3421 Nulla
822 3366 937 3421 tamen
954 3355 1033 3422 alite
1050 3354 1135 3420 verti

190 3461 363 3548 dignatur,
380 3461 446 3528 nisi
462 3483 551 3550 quae
568 3473 683 3550 posset
699 3444 761 3528 sua
778 3462 923 3528 fulmina
938 3462 1039 3528 serre.

188 3587 254 3632 nec
270 3587 386 3634 mora:
411 3590 575 3656 percusso
593 3569 818 3654 mendacibus
836 3574 915 3635 aere
933 3567 1056 3656 pennis

190 3673 313 3760 abripit
328 3673 474 3753 Iliaden,
492 3676 550 3764 qui
568 3697 811 3764 huncquoque
829 3677 953 3762 pocula
970 3675 1102 3753 miscet,
1190 3690 1241 3746 160

187 3779 361 3871 invitaque
373 3782 452 3871 Jovi
467 3794 587 3849 nectar
597 3782 734 3869 Junone
751 3783 930 3848 ministrat.

235 3889 312 3958 ‘Te
321 3911 471 3980 quoque,
482 3887 860 3979 Amyclide,posuisset
869 3889 904 3955 in
914 3891 1053 3957 aethere
1063 3888 1234 3964 Phoebus,
