<?xml version="1.0" encoding="UTF-8"?>
<!DOCTYPE html PUBLIC "-//W3C//DTD XHTML 1.0 Transitional//EN"
    "http://www.w3.org/TR/xhtml1/DTD/xhtml1-transitional.dtd">
<html xmlns="http://www.w3.org/1999/xhtml" xml:lang="en" lang="en">
 <head>
  <title>
</title>
<meta http-equiv="Content-Type" content="text/html;charset=utf-8" />
  <meta name='ocr-system' content='tesseract 3.04.00' />
  <meta name='ocr-capabilities' content='ocr_page ocr_carea ocr_par ocr_line ocrx_word'/>
</head>
<body>
  <div class='ocr_page' id='page_1' title='image "./poemataquaedame00ovidgoog_0193.png"; bbox 0 0 2790 4356; ppageno 0'>
   <div class='ocr_carea' id='block_1_1' title="bbox 171 253 1235 343">
    <p class='ocr_par' dir='ltr' id='par_1_1' title="bbox 171 253 1235 343">
     <span class='ocr_line' id='line_1_1' title="bbox 171 253 1235 343; baseline 0.008 -23"><span class='ocrx_word' id='word_1_1' title='bbox 171 253 236 338; x_wconf 84' lang='lat'><strong>178</strong></span> <span class='ocrx_word' id='word_1_2' title='bbox 544 255 694 322; x_wconf 76' lang='lat' dir='ltr'><strong>Skorter</strong></span> <span class='ocrx_word' id='word_1_3' title='bbox 716 256 852 322; x_wconf 81' lang='lat' dir='ltr'><strong>Poems.</strong></span> <span class='ocrx_word' id='word_1_4' title='bbox 952 305 955 312; x_wconf 45' lang='lat'>1</span> <span class='ocrx_word' id='word_1_5' title='bbox 1085 272 1235 343; x_wconf 75' lang='lat' dir='ltr'><strong>[Tarsm.</strong></span> 
     </span>
    </p>
   </div>
   <div class='ocr_carea' id='block_1_2' title="bbox 65 449 1144 538">
    <p class='ocr_par' dir='ltr' id='par_1_2' title="bbox 65 449 1144 538">
     <span class='ocr_line' id='line_1_2' title="bbox 65 449 1144 538; baseline 0 -23"><span class='ocrx_word' id='word_1_6' title='bbox 65 460 67 464; x_wconf 84' lang='grc'><strong>’</strong></span> <span class='ocrx_word' id='word_1_7' title='bbox 169 449 305 538; x_wconf 86' lang='lat' dir='ltr'>Perque</span> <span class='ocrx_word' id='word_1_8' title='bbox 326 471 433 516; x_wconf 92' lang='lat' dir='ltr'><strong>novos</strong></span> <span class='ocrx_word' id='word_1_9' title='bbox 451 463 571 537; x_wconf 88' lang='lat' dir='ltr'><strong>pontes</strong></span> <span class='ocrx_word' id='word_1_10' title='bbox 588 454 704 518; x_wconf 85' lang='lat' dir='ltr'>subter</span> <span class='ocrx_word' id='word_1_11' title='bbox 720 453 914 518; x_wconf 87' lang='lat' dir='ltr'><strong>labentibus</strong></span> <span class='ocrx_word' id='word_1_12' title='bbox 929 450 1032 517; x_wconf 90' lang='lat' dir='ltr'><strong>undis</strong></span> <span class='ocrx_word' id='word_1_13' title='bbox 1140 525 1144 532; x_wconf 31' lang='grc' dir='ltr'>Ι</span> 
     </span>
    </p>
   </div>
   <div class='ocr_carea' id='block_1_3' title="bbox 108 556 1226 3823">
    <p class='ocr_par' dir='ltr' id='par_1_3' title="bbox 218 556 1028 645">
     <span class='ocr_line' id='line_1_3' title="bbox 218 556 1028 645; baseline -0.004 -23"><span class='ocrx_word' id='word_1_14' title='bbox 218 559 358 622; x_wconf 92' lang='lat' dir='ltr'><strong>Ducunt</strong></span> <span class='ocrx_word' id='word_1_15' title='bbox 375 556 558 622; x_wconf 86' lang='lat' dir='ltr'>Sarmatici</span> <span class='ocrx_word' id='word_1_16' title='bbox 576 559 722 623; x_wconf 91' lang='lat' dir='ltr'><strong>barbara</strong></span> <span class='ocrx_word' id='word_1_17' title='bbox 740 558 893 645; x_wconf 91' lang='lat' dir='ltr'><strong>plaustra</strong></span> <span class='ocrx_word' id='word_1_18' title='bbox 909 559 1028 623; x_wconf 88' lang='lat' dir='ltr'><strong>boves.</strong></span> 
     </span>
    </p>

    <p class='ocr_par' dir='ltr' id='par_1_4' title="bbox 169 661 1226 847">
     <span class='ocr_line' id='line_1_4' title="bbox 169 661 1226 752; baseline -0.003 -23"><span class='ocrx_word' id='word_1_19' title='bbox 169 664 240 729; x_wconf 89' lang='lat' dir='ltr'><strong>Vix</strong></span> <span class='ocrx_word' id='word_1_20' title='bbox 257 665 416 752; x_wconf 88' lang='lat' dir='ltr'><strong>equidem</strong></span> <span class='ocrx_word' id='word_1_21' title='bbox 438 665 581 728; x_wconf 89' lang='lat' dir='ltr'><strong>credar:</strong></span> <span class='ocrx_word' id='word_1_22' title='bbox 606 666 668 730; x_wconf 89' lang='lat' dir='ltr'><strong>sed</strong></span> <span class='ocrx_word' id='word_1_23' title='bbox 685 686 763 729; x_wconf 92' lang='lat' dir='ltr'><strong>cum</strong></span> <span class='ocrx_word' id='word_1_24' title='bbox 782 665 848 730; x_wconf 90' lang='lat' dir='ltr'><strong>sint</strong></span> <span class='ocrx_word' id='word_1_25' title='bbox 865 663 1018 750; x_wconf 87' lang='lat' dir='ltr'><strong>praemia</strong></span> <span class='ocrx_word' id='word_1_26' title='bbox 1035 661 1112 727; x_wconf 83' lang='lat' dir='ltr'><strong>falsi</strong></span> <span class='ocrx_word' id='word_1_27' title='bbox 1193 692 1226 750; x_wconf 80' lang='lat'><strong>33</strong></span> 
     </span>
     <span class='ocr_line' id='line_1_5' title="bbox 215 770 972 847; baseline -0.007 -10"><span class='ocrx_word' id='word_1_28' title='bbox 215 771 336 847; x_wconf 90' lang='lat' dir='ltr'><strong>Nulla,</strong></span> <span class='ocrx_word' id='word_1_29' title='bbox 355 783 463 836; x_wconf 89' lang='lat' dir='ltr'><strong>ratam</strong></span> <span class='ocrx_word' id='word_1_30' title='bbox 483 770 584 835; x_wconf 89' lang='lat' dir='ltr'><strong>debet</strong></span> <span class='ocrx_word' id='word_1_31' title='bbox 600 771 694 835; x_wconf 91' lang='lat' dir='ltr'><strong>testis</strong></span> <span class='ocrx_word' id='word_1_32' title='bbox 709 771 839 836; x_wconf 92' lang='lat' dir='ltr'><strong>habere</strong></span> <span class='ocrx_word' id='word_1_33' title='bbox 855 770 972 835; x_wconf 90' lang='lat' dir='ltr'><strong>fidem.</strong></span> 
     </span>
    </p>

    <p class='ocr_par' dir='ltr' id='par_1_5' title="bbox 172 876 1035 1073">
     <span class='ocr_line' id='line_1_6' title="bbox 172 876 1032 966; baseline -0.005 -23"><span class='ocrx_word' id='word_1_34' title='bbox 172 878 331 944; x_wconf 78' lang='lat' dir='ltr'><strong>Vidimus</strong></span> <span class='ocrx_word' id='word_1_35' title='bbox 347 878 523 966; x_wconf 89' lang='lat' dir='ltr'><strong>ingentem</strong></span> <span class='ocrx_word' id='word_1_36' title='bbox 542 876 657 964; x_wconf 87' lang='lat' dir='ltr'><strong>glacie</strong></span> <span class='ocrx_word' id='word_1_37' title='bbox 674 876 859 942; x_wconf 86' lang='lat' dir='ltr'><strong>consistere</strong></span> <span class='ocrx_word' id='word_1_38' title='bbox 876 887 1032 962; x_wconf 92' lang='lat' dir='ltr'><strong>pontum,</strong></span> 
     </span>
     <span class='ocr_line' id='line_1_7' title="bbox 215 984 1035 1073; baseline -0.006 -22"><span class='ocrx_word' id='word_1_39' title='bbox 215 984 435 1073; x_wconf 90' lang='lat' dir='ltr'><strong>Lubricaque</strong></span> <span class='ocrx_word' id='word_1_40' title='bbox 453 985 599 1048; x_wconf 90' lang='lat' dir='ltr'><strong>inmotas</strong></span> <span class='ocrx_word' id='word_1_41' title='bbox 617 992 704 1047; x_wconf 89' lang='lat' dir='ltr'><strong>testa</strong></span> <span class='ocrx_word' id='word_1_42' title='bbox 721 984 898 1068; x_wconf 90' lang='lat' dir='ltr'><strong>premebat</strong></span> <span class='ocrx_word' id='word_1_43' title='bbox 914 1003 1035 1069; x_wconf 89' lang='lat' dir='ltr'><strong>aquas.</strong></span> 
     </span>
    </p>

    <p class='ocr_par' dir='ltr' id='par_1_6' title="bbox 171 1089 1083 1284">
     <span class='ocr_line' id='line_1_8' title="bbox 171 1089 1083 1175; baseline -0.003 -19"><span class='ocrx_word' id='word_1_44' title='bbox 171 1092 248 1158; x_wconf 88' lang='lat' dir='ltr'><strong>Nec</strong></span> <span class='ocrx_word' id='word_1_45' title='bbox 265 1093 391 1158; x_wconf 90' lang='lat' dir='ltr'><strong>vidisse</strong></span> <span class='ocrx_word' id='word_1_46' title='bbox 408 1104 460 1157; x_wconf 90' lang='lat' dir='ltr'><strong>sat</strong></span> <span class='ocrx_word' id='word_1_47' title='bbox 475 1103 545 1157; x_wconf 87' lang='lat' dir='ltr'><strong>est:</strong></span> <span class='ocrx_word' id='word_1_48' title='bbox 571 1090 695 1155; x_wconf 91' lang='lat' dir='ltr'><strong>durum</strong></span> <span class='ocrx_word' id='word_1_49' title='bbox 714 1089 926 1154; x_wconf 86' lang='lat' dir='ltr'>calcavimus</span> <span class='ocrx_word' id='word_1_50' title='bbox 943 1107 1083 1175; x_wconf 89' lang='lat' dir='ltr'><strong>aequor,</strong></span> 
     </span>
     <span class='ocr_line' id='line_1_9' title="bbox 216 1195 987 1284; baseline -0.009 -19"><span class='ocrx_word' id='word_1_51' title='bbox 216 1199 388 1284; x_wconf 91' lang='lat' dir='ltr'><strong>Undaque</strong></span> <span class='ocrx_word' id='word_1_52' title='bbox 406 1219 473 1264; x_wconf 91' lang='lat' dir='ltr'><strong>non</strong></span> <span class='ocrx_word' id='word_1_53' title='bbox 489 1198 558 1263; x_wconf 90' lang='lat' dir='ltr'><strong>udo</strong></span> <span class='ocrx_word' id='word_1_54' title='bbox 575 1196 638 1262; x_wconf 91' lang='lat' dir='ltr'><strong>sub</strong></span> <span class='ocrx_word' id='word_1_55' title='bbox 656 1195 743 1281; x_wconf 92' lang='lat' dir='ltr'><strong>pede</strong></span> <span class='ocrx_word' id='word_1_56' title='bbox 761 1217 895 1260; x_wconf 89' lang='lat' dir='ltr'><strong>summa</strong></span> <span class='ocrx_word' id='word_1_57' title='bbox 912 1195 987 1260; x_wconf 88' lang='lat' dir='ltr'><strong>suit.</strong></span> 
     </span>
    </p>

    <p class='ocr_par' dir='ltr' id='par_1_7' title="bbox 171 1301 1058 1499">
     <span class='ocr_line' id='line_1_10' title="bbox 171 1301 1058 1391; baseline -0.005 -21"><span class='ocrx_word' id='word_1_58' title='bbox 171 1304 209 1370; x_wconf 86' lang='lat' dir='ltr'><strong>si</strong></span> <span class='ocrx_word' id='word_1_59' title='bbox 227 1306 286 1370; x_wconf 91' lang='lat' dir='ltr'><strong>tibi</strong></span> <span class='ocrx_word' id='word_1_60' title='bbox 303 1306 369 1371; x_wconf 90' lang='lat' dir='ltr'><strong>tale</strong></span> <span class='ocrx_word' id='word_1_61' title='bbox 387 1304 508 1370; x_wconf 85' lang='lat' dir='ltr'><strong>fretum</strong></span> <span class='ocrx_word' id='word_1_62' title='bbox 525 1305 712 1391; x_wconf 92' lang='lat' dir='ltr'><strong>quondam,</strong></span> <span class='ocrx_word' id='word_1_63' title='bbox 731 1301 907 1378; x_wconf 91' lang='lat' dir='ltr'><strong>Leandre,</strong></span> <span class='ocrx_word' id='word_1_64' title='bbox 926 1301 1058 1378; x_wconf 88' lang='lat' dir='ltr'><strong>suisset,</strong></span> 
     </span>
     <span class='ocr_line' id='line_1_11' title="bbox 216 1409 1056 1499; baseline -0.008 -22"><span class='ocrx_word' id='word_1_65' title='bbox 216 1411 297 1477; x_wconf 94' lang='lat' dir='ltr'><strong>Non</strong></span> <span class='ocrx_word' id='word_1_66' title='bbox 316 1412 400 1477; x_wconf 87' lang='lat' dir='ltr'><strong>soret</strong></span> <span class='ocrx_word' id='word_1_67' title='bbox 417 1423 583 1499; x_wconf 86' lang='lat' dir='ltr'><strong>angustae</strong></span> <span class='ocrx_word' id='word_1_68' title='bbox 602 1431 692 1475; x_wconf 88' lang='lat' dir='ltr'><strong>mors</strong></span> <span class='ocrx_word' id='word_1_69' title='bbox 708 1419 766 1474; x_wconf 89' lang='lat' dir='ltr'><strong>tua</strong></span> <span class='ocrx_word' id='word_1_70' title='bbox 784 1409 915 1474; x_wconf 87' lang='lat' dir='ltr'><strong>crimen</strong></span> <span class='ocrx_word' id='word_1_71' title='bbox 933 1428 1056 1494; x_wconf 91' lang='lat' dir='ltr'><strong>aquae.</strong></span> 
     </span>
    </p>

    <p class='ocr_par' dir='ltr' id='par_1_8' title="bbox 172 1514 1098 1690">
     <span class='ocr_line' id='line_1_12' title="bbox 172 1514 1098 1604; baseline -0.003 -22"><span class='ocrx_word' id='word_1_72' title='bbox 172 1517 263 1582; x_wconf 91' lang='lat' dir='ltr'><strong>Tum</strong></span> <span class='ocrx_word' id='word_1_73' title='bbox 282 1540 393 1604; x_wconf 91' lang='lat' dir='ltr'><strong>neque</strong></span> <span class='ocrx_word' id='word_1_74' title='bbox 410 1539 447 1582; x_wconf 91' lang='lat' dir='ltr'><strong>se</strong></span> <span class='ocrx_word' id='word_1_75' title='bbox 463 1518 568 1603; x_wconf 91' lang='lat' dir='ltr'><strong>pandi</strong></span> <span class='ocrx_word' id='word_1_76' title='bbox 586 1527 727 1602; x_wconf 90' lang='lat' dir='ltr'><strong>possunt</strong></span> <span class='ocrx_word' id='word_1_77' title='bbox 744 1515 926 1600; x_wconf 84' lang='lat' dir='ltr'><strong>delphines</strong></span> <span class='ocrx_word' id='word_1_78' title='bbox 943 1514 977 1578; x_wconf 91' lang='lat' dir='ltr'><strong>in</strong></span> <span class='ocrx_word' id='word_1_79' title='bbox 995 1533 1098 1579; x_wconf 83' lang='lat' dir='ltr'><strong>auras</strong></span> 
     </span>
     <span class='ocr_line' id='line_1_13' title="bbox 215 1621 959 1690; baseline -0.005 -2"><span class='ocrx_word' id='word_1_80' title='bbox 215 1624 375 1689; x_wconf 76' lang='lat' dir='ltr'><strong>Tollerez</strong></span> <span class='ocrx_word' id='word_1_81' title='bbox 399 1635 562 1690; x_wconf 88' lang='lat' dir='ltr'><strong>conantes</strong></span> <span class='ocrx_word' id='word_1_82' title='bbox 580 1624 664 1689; x_wconf 90' lang='lat' dir='ltr'><strong>dura</strong></span> <span class='ocrx_word' id='word_1_83' title='bbox 682 1628 819 1688; x_wconf 76' lang='lat' dir='ltr'><strong>coercet</strong></span> <span class='ocrx_word' id='word_1_84' title='bbox 836 1621 959 1687; x_wconf 90' lang='lat' dir='ltr'><strong>hiems.</strong></span> 
     </span>
    </p>

    <p class='ocr_par' dir='ltr' id='par_1_9' title="bbox 172 1728 974 1923">
     <span class='ocr_line' id='line_1_14' title="bbox 172 1728 926 1818; baseline -0.001 -23"><span class='ocrx_word' id='word_1_85' title='bbox 172 1730 215 1795; x_wconf 88' lang='lat' dir='ltr'><strong>Et</strong></span> <span class='ocrx_word' id='word_1_86' title='bbox 231 1731 386 1816; x_wconf 88' lang='lat' dir='ltr'><strong>quamvis</strong></span> <span class='ocrx_word' id='word_1_87' title='bbox 404 1729 533 1795; x_wconf 90' lang='lat' dir='ltr'><strong>Boreas</strong></span> <span class='ocrx_word' id='word_1_88' title='bbox 546 1730 682 1818; x_wconf 83' lang='lat' dir='ltr'><strong>jactatis</strong></span> <span class='ocrx_word' id='word_1_89' title='bbox 698 1728 833 1794; x_wconf 89' lang='lat' dir='ltr'><strong>insonet</strong></span> <span class='ocrx_word' id='word_1_90' title='bbox 849 1729 926 1804; x_wconf 69' lang='lat' dir='ltr'><strong>alis⁹</strong></span> 
     </span>
     <span class='ocr_line' id='line_1_15' title="bbox 216 1834 974 1923; baseline -0.003 -21"><span class='ocrx_word' id='word_1_91' title='bbox 216 1836 357 1902; x_wconf 85' lang='lat' dir='ltr'><strong>Fluctus</strong></span> <span class='ocrx_word' id='word_1_92' title='bbox 386 1835 421 1899; x_wconf 90' lang='lat' dir='ltr'><strong>in</strong></span> <span class='ocrx_word' id='word_1_93' title='bbox 448 1835 588 1902; x_wconf 88' lang='lat' dir='ltr'><strong>obsesso</strong></span> <span class='ocrx_word' id='word_1_94' title='bbox 605 1835 741 1923; x_wconf 84' lang='lat' dir='ltr'><strong>gurgite</strong></span> <span class='ocrx_word' id='word_1_95' title='bbox 758 1837 874 1900; x_wconf 92' lang='lat' dir='ltr'><strong>nullus</strong></span> <span class='ocrx_word' id='word_1_96' title='bbox 891 1834 955 1900; x_wconf 92' lang='lat' dir='ltr'><strong>erit</strong></span> <span class='ocrx_word' id='word_1_97' title='bbox 965 1856 974 1909; x_wconf 89' lang='lat'>;</span> 
     </span>
    </p>

    <p class='ocr_par' dir='ltr' id='par_1_10' title="bbox 108 1917 1083 2137">
     <span class='ocr_line' id='line_1_16' title="bbox 108 1917 1083 2031; baseline 0.001 -24"><span class='ocrx_word' id='word_1_98' title='bbox 108 1971 112 1978; x_wconf 95' lang='lat'>·</span> <span class='ocrx_word' id='word_1_99' title='bbox 171 1917 395 2030; x_wconf 81' lang='lat' dir='ltr'><strong>inclusaeque</strong></span> <span class='ocrx_word' id='word_1_100' title='bbox 413 1943 493 2031; x_wconf 92' lang='lat' dir='ltr'><strong>gelu</strong></span> <span class='ocrx_word' id='word_1_101' title='bbox 511 1943 660 2017; x_wconf 90' lang='lat' dir='ltr'><strong>stabunt,</strong></span> <span class='ocrx_word' id='word_1_102' title='bbox 678 1953 715 2008; x_wconf 94' lang='lat' dir='ltr'><strong>ut</strong></span> <span class='ocrx_word' id='word_1_103' title='bbox 732 1963 914 2017; x_wconf 88' lang='lat' dir='ltr'><strong>marmore,</strong></span> <span class='ocrx_word' id='word_1_104' title='bbox 934 1963 1083 2029; x_wconf 90' lang='lat' dir='ltr'><strong>puppes,</strong></span> 
     </span>
     <span class='ocr_line' id='line_1_17' title="bbox 216 2049 996 2137; baseline -0.001 -24"><span class='ocrx_word' id='word_1_105' title='bbox 216 2049 294 2114; x_wconf 91' lang='lat' dir='ltr'><strong>Nec</strong></span> <span class='ocrx_word' id='word_1_106' title='bbox 310 2049 430 2135; x_wconf 90' lang='lat' dir='ltr'><strong>poterit</strong></span> <span class='ocrx_word' id='word_1_107' title='bbox 447 2049 577 2137; x_wconf 88' lang='lat' dir='ltr'><strong>rigidas</strong></span> <span class='ocrx_word' id='word_1_108' title='bbox 594 2050 725 2114; x_wconf 88' lang='lat' dir='ltr'><strong>findere</strong></span> <span class='ocrx_word' id='word_1_109' title='bbox 742 2070 857 2124; x_wconf 85' lang='lat' dir='ltr'><strong>remus</strong></span> <span class='ocrx_word' id='word_1_110' title='bbox 875 2071 996 2136; x_wconf 86' lang='lat' dir='ltr'><strong>aquas.</strong></span> 
     </span>
    </p>

    <p class='ocr_par' dir='ltr' id='par_1_11' title="bbox 171 2147 1006 2348">
     <span class='ocr_line' id='line_1_18' title="bbox 171 2147 1006 2243; baseline 0 -22"><span class='ocrx_word' id='word_1_111' title='bbox 171 2155 330 2222; x_wconf 90' lang='lat' dir='ltr'><strong>Vidimus</strong></span> <span class='ocrx_word' id='word_1_112' title='bbox 347 2155 381 2219; x_wconf 91' lang='lat' dir='ltr'><strong>in</strong></span> <span class='ocrx_word' id='word_1_113' title='bbox 399 2155 511 2243; x_wconf 90' lang='lat' dir='ltr'><strong>glacie</strong></span> <span class='ocrx_word' id='word_1_114' title='bbox 525 2155 638 2241; x_wconf 87' lang='lat' dir='ltr'><strong>pisces</strong></span> <span class='ocrx_word' id='word_1_115' title='bbox 656 2156 798 2221; x_wconf 91' lang='lat' dir='ltr'><strong>haerere</strong></span> <span class='ocrx_word' id='word_1_116' title='bbox 815 2156 953 2243; x_wconf 77' lang='lat' dir='ltr'><strong>ligatos,</strong></span> <span class='ocrx_word' id='word_1_117' title='bbox 995 2147 1006 2175; x_wconf 82' lang='lat'>⁸</span> 
     </span>
     <span class='ocr_line' id='line_1_19' title="bbox 217 2261 960 2348; baseline -0.003 -21"><span class='ocrx_word' id='word_1_118' title='bbox 217 2261 288 2328; x_wconf 88' lang='lat' dir='ltr'><strong>Sed</strong></span> <span class='ocrx_word' id='word_1_119' title='bbox 306 2284 384 2347; x_wconf 85' lang='lat' dir='ltr'><strong>pars</strong></span> <span class='ocrx_word' id='word_1_120' title='bbox 400 2283 445 2328; x_wconf 87' lang='lat' dir='ltr'><strong>ex</strong></span> <span class='ocrx_word' id='word_1_121' title='bbox 461 2262 528 2327; x_wconf 92' lang='lat' dir='ltr'><strong>illis</strong></span> <span class='ocrx_word' id='word_1_122' title='bbox 544 2273 625 2326; x_wconf 92' lang='lat' dir='ltr'><strong>tunc</strong></span> <span class='ocrx_word' id='word_1_123' title='bbox 641 2282 777 2348; x_wconf 92' lang='lat' dir='ltr'><strong>quoque</strong></span> <span class='ocrx_word' id='word_1_124' title='bbox 794 2262 872 2327; x_wconf 90' lang='lat' dir='ltr'><strong>viva</strong></span> <span class='ocrx_word' id='word_1_125' title='bbox 889 2262 960 2329; x_wconf 89' lang='lat' dir='ltr'><strong>suit.</strong></span> 
     </span>
    </p>

    <p class='ocr_par' dir='ltr' id='par_1_12' title="bbox 172 2367 1004 2563">
     <span class='ocr_line' id='line_1_20' title="bbox 172 2367 1004 2457; baseline 0.001 -23"><span class='ocrx_word' id='word_1_126' title='bbox 172 2368 253 2434; x_wconf 88' lang='lat' dir='ltr'><strong>Sive</strong></span> <span class='ocrx_word' id='word_1_127' title='bbox 270 2369 372 2457; x_wconf 87' lang='lat' dir='ltr'><strong>igitur</strong></span> <span class='ocrx_word' id='word_1_128' title='bbox 389 2368 483 2432; x_wconf 92' lang='lat' dir='ltr'><strong>nimii</strong></span> <span class='ocrx_word' id='word_1_129' title='bbox 500 2367 634 2432; x_wconf 91' lang='lat' dir='ltr'><strong>Boreae</strong></span> <span class='ocrx_word' id='word_1_130' title='bbox 650 2368 702 2433; x_wconf 91' lang='lat' dir='ltr'><strong>vis</strong></span> <span class='ocrx_word' id='word_1_131' title='bbox 719 2389 823 2434; x_wconf 87' lang='lat' dir='ltr'><strong>saeva</strong></span> <span class='ocrx_word' id='word_1_132' title='bbox 841 2370 1004 2446; x_wconf 91' lang='lat' dir='ltr'><strong>marinas,</strong></span> 
     </span>
     <span class='ocr_line' id='line_1_21' title="bbox 217 2473 929 2563; baseline 0.001 -23"><span class='ocrx_word' id='word_1_133' title='bbox 217 2474 299 2540; x_wconf 90' lang='lat' dir='ltr'><strong>Sive</strong></span> <span class='ocrx_word' id='word_1_134' title='bbox 316 2474 524 2540; x_wconf 87' lang='lat' dir='ltr'><strong>redundatas</strong></span> <span class='ocrx_word' id='word_1_135' title='bbox 540 2473 681 2540; x_wconf 90' lang='lat' dir='ltr'><strong>flumine</strong></span> <span class='ocrx_word' id='word_1_136' title='bbox 699 2475 791 2563; x_wconf 91' lang='lat' dir='ltr'><strong>cogit</strong></span> <span class='ocrx_word' id='word_1_137' title='bbox 808 2497 929 2562; x_wconf 89' lang='lat' dir='ltr'><strong>aquas,</strong></span> 
     </span>
    </p>

    <p class='ocr_par' dir='ltr' id='par_1_13' title="bbox 171 2581 1007 2777">
     <span class='ocr_line' id='line_1_22' title="bbox 171 2581 1007 2669; baseline 0.001 -21"><span class='ocrx_word' id='word_1_138' title='bbox 171 2581 341 2656; x_wconf 87' lang='lat' dir='ltr'><strong>Protinus,</strong></span> <span class='ocrx_word' id='word_1_139' title='bbox 361 2593 505 2669; x_wconf 89' lang='lat' dir='ltr'><strong>aequato</strong></span> <span class='ocrx_word' id='word_1_140' title='bbox 523 2581 622 2647; x_wconf 91' lang='lat' dir='ltr'><strong>siccis</strong></span> <span class='ocrx_word' id='word_1_141' title='bbox 640 2582 857 2669; x_wconf 88' lang='lat' dir='ltr'><strong>aquilonibus</strong></span> <span class='ocrx_word' id='word_1_142' title='bbox 875 2583 1007 2661; x_wconf 83' lang='lat' dir='ltr'><strong>Histro,</strong></span> 
     </span>
     <span class='ocr_line' id='line_1_23' title="bbox 217 2688 946 2777; baseline 0.003 -24"><span class='ocrx_word' id='word_1_143' title='bbox 217 2688 391 2753; x_wconf 90' lang='lat' dir='ltr'><strong>Invehitur</strong></span> <span class='ocrx_word' id='word_1_144' title='bbox 408 2688 511 2753; x_wconf 90' lang='lat' dir='ltr'><strong>celeri</strong></span> <span class='ocrx_word' id='word_1_145' title='bbox 528 2689 696 2754; x_wconf 89' lang='lat' dir='ltr'><strong>barbarus</strong></span> <span class='ocrx_word' id='word_1_146' title='bbox 713 2689 820 2755; x_wconf 89' lang='lat' dir='ltr'><strong>hostis</strong></span> <span class='ocrx_word' id='word_1_147' title='bbox 836 2711 946 2777; x_wconf 80' lang='lat' dir='ltr'><strong>equo:</strong></span> 
     </span>
    </p>

    <p class='ocr_par' dir='ltr' id='par_1_14' title="bbox 171 2796 1027 2988">
     <span class='ocr_line' id='line_1_24' title="bbox 171 2796 1027 2886; baseline 0.006 -25"><span class='ocrx_word' id='word_1_148' title='bbox 171 2796 289 2862; x_wconf 90' lang='lat' dir='ltr'><strong>Hostis</strong></span> <span class='ocrx_word' id='word_1_149' title='bbox 305 2817 392 2882; x_wconf 92' lang='lat' dir='ltr'><strong>equo</strong></span> <span class='ocrx_word' id='word_1_150' title='bbox 410 2796 543 2881; x_wconf 89' lang='lat' dir='ltr'><strong>pollens</strong></span> <span class='ocrx_word' id='word_1_151' title='bbox 560 2797 733 2884; x_wconf 90' lang='lat' dir='ltr'><strong>longeque</strong></span> <span class='ocrx_word' id='word_1_152' title='bbox 750 2798 886 2863; x_wconf 91' lang='lat' dir='ltr'><strong>volante</strong></span> <span class='ocrx_word' id='word_1_153' title='bbox 901 2797 1027 2886; x_wconf 84' lang='lat' dir='ltr'><strong>sagitta</strong></span> 
     </span>
     <span class='ocr_line' id='line_1_25' title="bbox 213 2902 877 2988; baseline -0.002 -21"><span class='ocrx_word' id='word_1_154' title='bbox 213 2902 375 2967; x_wconf 90' lang='lat' dir='ltr'><strong>Vicinam</strong></span> <span class='ocrx_word' id='word_1_155' title='bbox 393 2902 459 2967; x_wconf 92' lang='lat' dir='ltr'><strong>late</strong></span> <span class='ocrx_word' id='word_1_156' title='bbox 477 2903 706 2988; x_wconf 88' lang='lat' dir='ltr'><strong>depopulatur</strong></span> <span class='ocrx_word' id='word_1_157' title='bbox 723 2904 877 2969; x_wconf 87' lang='lat' dir='ltr'><strong>humum.</strong></span> 
     </span>
    </p>

    <p class='ocr_par' dir='ltr' id='par_1_15' title="bbox 171 3009 952 3203">
     <span class='ocr_line' id='line_1_26' title="bbox 171 3009 952 3099; baseline 0.004 -25"><span class='ocrx_word' id='word_1_158' title='bbox 171 3009 366 3096; x_wconf 87' lang='lat' dir='ltr'><strong>Diffugiunt</strong></span> <span class='ocrx_word' id='word_1_159' title='bbox 382 3009 453 3085; x_wconf 91' lang='lat' dir='ltr'><strong>alii,</strong></span> <span class='ocrx_word' id='word_1_160' title='bbox 472 3009 643 3096; x_wconf 89' lang='lat' dir='ltr'><strong>nullisque</strong></span> <span class='ocrx_word' id='word_1_161' title='bbox 659 3011 831 3077; x_wconf 89' lang='lat' dir='ltr'><strong>tuentibus</strong></span> <span class='ocrx_word' id='word_1_162' title='bbox 848 3031 952 3099; x_wconf 88' lang='lat' dir='ltr'><strong>agros</strong></span> 
     </span>
     <span class='ocr_line' id='line_1_27' title="bbox 215 3115 789 3203; baseline 0.01 -25"><span class='ocrx_word' id='word_1_163' title='bbox 215 3115 445 3181; x_wconf 89' lang='lat' dir='ltr'><strong>Incustoditae</strong></span> <span class='ocrx_word' id='word_1_164' title='bbox 462 3117 668 3202; x_wconf 90' lang='lat' dir='ltr'><strong>diripiuntur</strong></span> <span class='ocrx_word' id='word_1_165' title='bbox 683 3138 789 3203; x_wconf 86' lang='lat' dir='ltr'><strong>opes3</strong></span> 
     </span>
    </p>

    <p class='ocr_par' dir='ltr' id='par_1_16' title="bbox 171 3222 1082 3417">
     <span class='ocr_line' id='line_1_28' title="bbox 171 3222 1082 3316; baseline 0.008 -30"><span class='ocrx_word' id='word_1_166' title='bbox 171 3222 275 3286; x_wconf 92' lang='lat' dir='ltr'><strong>Ruris</strong></span> <span class='ocrx_word' id='word_1_167' title='bbox 292 3243 376 3307; x_wconf 91' lang='lat' dir='ltr'><strong>opes</strong></span> <span class='ocrx_word' id='word_1_168' title='bbox 392 3243 533 3316; x_wconf 91' lang='lat' dir='ltr'><strong>parvae,</strong></span> <span class='ocrx_word' id='word_1_169' title='bbox 552 3245 658 3310; x_wconf 90' lang='lat' dir='ltr'><strong>pecus</strong></span> <span class='ocrx_word' id='word_1_170' title='bbox 675 3224 898 3292; x_wconf 87' lang='lat' dir='ltr'><strong>etstridentia</strong></span> <span class='ocrx_word' id='word_1_171' title='bbox 915 3226 1082 3312; x_wconf 89' lang='lat' dir='ltr'><strong>plaustra,</strong></span> 
     </span>
     <span class='ocr_line' id='line_1_29' title="bbox 216 3328 922 3417; baseline 0.003 -24"><span class='ocrx_word' id='word_1_172' title='bbox 216 3328 259 3393; x_wconf 88' lang='lat' dir='ltr'><strong>Et</strong></span> <span class='ocrx_word' id='word_1_173' title='bbox 275 3351 361 3416; x_wconf 89' lang='lat' dir='ltr'><strong>quas</strong></span> <span class='ocrx_word' id='word_1_174' title='bbox 379 3329 514 3396; x_wconf 85' lang='lat' dir='ltr'><strong>divitias</strong></span> <span class='ocrx_word' id='word_1_175' title='bbox 531 3329 644 3396; x_wconf 90' lang='lat' dir='ltr'><strong>incola</strong></span> <span class='ocrx_word' id='word_1_176' title='bbox 660 3352 792 3417; x_wconf 87' lang='lat' dir='ltr'><strong>pauper</strong></span> <span class='ocrx_word' id='word_1_177' title='bbox 808 3332 922 3397; x_wconf 87' lang='lat' dir='ltr'><strong>habet.</strong></span> 
     </span>
    </p>

    <p class='ocr_par' dir='ltr' id='par_1_17' title="bbox 170 3435 1091 3630">
     <span class='ocr_line' id='line_1_30' title="bbox 170 3435 1091 3524; baseline 0.005 -24"><span class='ocrx_word' id='word_1_178' title='bbox 170 3435 256 3500; x_wconf 91' lang='lat' dir='ltr'><strong>Pars</strong></span> <span class='ocrx_word' id='word_1_179' title='bbox 274 3436 387 3524; x_wconf 86' lang='lat' dir='ltr'><strong>agitur</strong></span> <span class='ocrx_word' id='word_1_180' title='bbox 403 3436 524 3501; x_wconf 89' lang='lat' dir='ltr'><strong>vinctis</strong></span> <span class='ocrx_word' id='word_1_181' title='bbox 541 3447 618 3522; x_wconf 92' lang='lat' dir='ltr'><strong>post</strong></span> <span class='ocrx_word' id='word_1_182' title='bbox 633 3448 769 3524; x_wconf 83' lang='lat' dir='ltr'><strong>tergum</strong></span> <span class='ocrx_word' id='word_1_183' title='bbox 785 3449 886 3524; x_wconf 90' lang='lat' dir='ltr'><strong>capta</strong></span> <span class='ocrx_word' id='word_1_184' title='bbox 902 3438 1054 3517; x_wconf 88' lang='lat' dir='ltr'><strong>lacertis,</strong></span> <span class='ocrx_word' id='word_1_185' title='bbox 1089 3497 1091 3504; x_wconf 94' lang='lat'><em>.</em></span> 
     </span>
     <span class='ocr_line' id='line_1_31' title="bbox 217 3542 986 3630; baseline 0.003 -23"><span class='ocrx_word' id='word_1_186' title='bbox 217 3543 421 3628; x_wconf 89' lang='lat' dir='ltr'><strong>Respiciens</strong></span> <span class='ocrx_word' id='word_1_187' title='bbox 438 3542 562 3607; x_wconf 84' lang='lat' dir='ltr'><strong>frustra</strong></span> <span class='ocrx_word' id='word_1_188' title='bbox 578 3563 657 3608; x_wconf 89' lang='lat' dir='ltr'><strong>rura</strong></span> <span class='ocrx_word' id='word_1_189' title='bbox 674 3544 850 3630; x_wconf 90' lang='lat' dir='ltr'><strong>laremque</strong></span> <span class='ocrx_word' id='word_1_190' title='bbox 866 3567 986 3621; x_wconf 83' lang='lat' dir='ltr'><strong>suum3</strong></span> 
     </span>
    </p>

    <p class='ocr_par' dir='ltr' id='par_1_18' title="bbox 172 3646 991 3823">
     <span class='ocr_line' id='line_1_32' title="bbox 172 3646 991 3738; baseline 0.006 -27"><span class='ocrx_word' id='word_1_191' title='bbox 172 3646 257 3712; x_wconf 92' lang='lat' dir='ltr'><strong>Pars</strong></span> <span class='ocrx_word' id='word_1_192' title='bbox 274 3650 365 3713; x_wconf 89' lang='lat' dir='ltr'><strong>cadit</strong></span> <span class='ocrx_word' id='word_1_193' title='bbox 381 3648 527 3712; x_wconf 89' lang='lat' dir='ltr'><strong>hamatis</strong></span> <span class='ocrx_word' id='word_1_194' title='bbox 545 3649 669 3714; x_wconf 89' lang='lat' dir='ltr'><strong>misere</strong></span> <span class='ocrx_word' id='word_1_195' title='bbox 685 3651 823 3715; x_wconf 87' lang='lat' dir='ltr'><strong>confixa</strong></span> <span class='ocrx_word' id='word_1_196' title='bbox 839 3651 991 3738; x_wconf 88' lang='lat' dir='ltr'><strong>sagittis;</strong></span> 
     </span>
     <span class='ocr_line' id='line_1_33' title="bbox 217 3751 935 3823; baseline 0.008 -9"><span class='ocrx_word' id='word_1_197' title='bbox 217 3751 310 3815; x_wconf 92' lang='lat' dir='ltr'><strong>Nam</strong></span> <span class='ocrx_word' id='word_1_198' title='bbox 328 3754 458 3818; x_wconf 89' lang='lat' dir='ltr'><strong>volucri</strong></span> <span class='ocrx_word' id='word_1_199' title='bbox 476 3755 564 3820; x_wconf 86' lang='lat' dir='ltr'><strong>ferro</strong></span> <span class='ocrx_word' id='word_1_200' title='bbox 581 3756 710 3820; x_wconf 90' lang='lat' dir='ltr'><strong>tinctile</strong></span> <span class='ocrx_word' id='word_1_201' title='bbox 726 3756 820 3822; x_wconf 88' lang='lat' dir='ltr'><strong>virus</strong></span> <span class='ocrx_word' id='word_1_202' title='bbox 836 3757 935 3823; x_wconf 89' lang='lat' dir='ltr'><strong>inest.</strong></span> 
     </span>
    </p>
   </div>
   <div class='ocr_carea' id='block_1_4' title="bbox 175 3854 1222 4038">
    <p class='ocr_par' dir='ltr' id='par_1_19' title="bbox 175 3854 1222 4038">
     <span class='ocr_line' id='line_1_34' title="bbox 175 3854 1222 3957; baseline 0.018 -41"><span class='ocrx_word' id='word_1_203' title='bbox 175 3854 276 3938; x_wconf 78' lang='lat' dir='ltr'><strong>Qrae</strong></span> <span class='ocrx_word' id='word_1_204' title='bbox 293 3870 466 3942; x_wconf 91' lang='lat' dir='ltr'><strong>nequeunt</strong></span> <span class='ocrx_word' id='word_1_205' title='bbox 482 3882 598 3926; x_wconf 88' lang='lat' dir='ltr'><strong>secum</strong></span> <span class='ocrx_word' id='word_1_206' title='bbox 617 3861 704 3925; x_wconf 83' lang='lat' dir='ltr'><strong>ferre</strong></span> <span class='ocrx_word' id='word_1_207' title='bbox 722 3874 780 3927; x_wconf 91' lang='lat' dir='ltr'><strong>aut</strong></span> <span class='ocrx_word' id='word_1_208' title='bbox 795 3864 981 3942; x_wconf 89' lang='lat' dir='ltr'><strong>abducere,</strong></span> <span class='ocrx_word' id='word_1_209' title='bbox 998 3865 1158 3952; x_wconf 89' lang='lat' dir='ltr'><strong>perdunt,</strong></span> <span class='ocrx_word' id='word_1_210' title='bbox 1188 3887 1222 3957; x_wconf 80' lang='lat'><strong>65</strong></span> 
     </span>
     <span class='ocr_line' id='line_1_35' title="bbox 218 3958 1004 4038; baseline 0.022 -17"><span class='ocrx_word' id='word_1_211' title='bbox 218 3958 263 4023; x_wconf 91' lang='lat' dir='ltr'><strong>Et</strong></span> <span class='ocrx_word' id='word_1_212' title='bbox 278 3973 408 4027; x_wconf 90' lang='lat' dir='ltr'><strong>cremat</strong></span> <span class='ocrx_word' id='word_1_213' title='bbox 423 3963 572 4030; x_wconf 89' lang='lat' dir='ltr'><strong>insontes</strong></span> <span class='ocrx_word' id='word_1_214' title='bbox 590 3966 875 4034; x_wconf 86' lang='lat' dir='ltr'><strong>hostica-flamma</strong></span> <span class='ocrx_word' id='word_1_215' title='bbox 892 3991 1004 4038; x_wconf 88' lang='lat' dir='ltr'><strong>casas.</strong></span> 
     </span>
    </p>
   </div>
   <div class='ocr_carea' id='block_1_5' title="bbox 0 0 1400 4356">
    <p class='ocr_par' dir='ltr' id='par_1_20' title="bbox 0 0 1400 4356">
     <span class='ocr_line' id='line_1_36' title="bbox 0 0 1400 4356; baseline 0 0"><span class='ocrx_word' id='word_1_216' title='bbox 0 0 1400 4356; x_wconf 95' lang='lat' dir='ltr'><strong> </strong></span> 
     </span>
    </p>
   </div>
  </div>
 </body>
</html>
