2752 4350
154 248 178 302 1.
198 247 275 320 215]
470 226 541 294 Tae
569 227 670 294 Gur'lt
692 229 740 314 os
753 227 912 314 Lycaon.

200 425 306 492 ‘Non
324 445 390 514 ego
406 446 469 511 pro
486 402 729 513 mundi'regno
747 425 859 512 magis
871 423 999 490 anxius
1015 423 1074 490 illa

152 544 353 620 tempestate
371 533 432 608 sui,
450 553 519 618 qua
535 543 673 597 centum
689 531 833 619 quisque
850 533 995 618 parabat

152 639 281 705 inicere
299 638 533 727 anguipedum
550 639 685 723 captivo
701 639 843 704 brachia
860 640 968 705 caelo.

153 767 234 811 nam
250 765 460 832 quamquam
476 744 568 810 ferus
586 744 691 810 hostis
707 757 792 820 erat,
810 755 925 809 tamen
942 745 1027 812 illud
1044 747 1088 812 ab
1103 767 1173 812 uno

153 874 296 939 corpore
313 863 405 917 etex
422 871 491 915 una
508 851 680 936 pendebat
695 851 829 938 origine
844 852 987 917 bellum.

153 980 245 1025 nunc
263 959 346 1023 mihi
362 979 430 1045 qua
446 967 553 1022 totum
570 956 706 1022 Nereus
723 957 952 1022 circumsonat
967 959 1098 1036 orbem,

153 1067 367 1152 perdendum
384 1076 435 1130 est
452 1065 593 1130 mortale
609 1083 734 1151 genus.
784 1063 852 1129 Per
867 1064 1009 1129 flumina
1022 1065 1101 1153 juro

152 1174 263 1238 infera
279 1172 342 1237 sub
360 1183 466 1236 terras
484 1169 607 1258 Stygio
624 1170 773 1235 labentia
790 1171 881 1245 luco,
1039 1153 1042 1161 ¹

153 1290 278 1344 cuncta
294 1278 388 1364 prius
404 1288 589 1362 temptata3
615 1275 675 1342 sed
691 1276 933 1342 inmedicabile
949 1279 1075 1346 vulnus
1157 1311 1206 1367 ¹90

153 1407 237 1451 ense
254 1384 475 1450 recidendum
493 1394 556 1459 est,
575 1404 618 1448 ne
634 1403 714 1469 pars
731 1383 865 1448 sincera
882 1385 1049 1448 trahatur.

153 1503 233 1559 sunt
250 1491 331 1554 mihi
348 1490 502 1566 semidei,
521 1500 600 1555 sunt
615 1489 741 1554 rustica
757 1489 913 1566 numina,
931 1492 1122 1577 nymphae,

153 1590 316 1684 faunique
334 1596 506 1683 satyrique
524 1607 556 1661 et
573 1596 778 1661 monticolae
795 1595 941 1660 Silvani.

153 1726 240 1792 quos
256 1703 417 1791 quoniam
435 1702 522 1768 caeli
539 1704 691 1768 nondum
711 1703 895 1789 dignamur
911 1704 1053 1780 honore,

153 1833 240 1899 quas
257 1811 425 1886 dedimus,
445 1820 536 1874 certe
552 1819 659 1875 terras
672 1810 829 1890 ‚habitare
847 1809 1011 1876 sinamus.
1035 1875 1037 1881 ,
1157 1840 1204 1900 195

154 1939 200 1983 an
217 1919 311 1992 satis,
330 1916 362 1982 O
380 1915 507 2002 superi,
526 1927 614 1982 tutos
631 1915 702 1981 sore
720 1915 857 1981 creditis
875 1916 964 1992 illos,

154 2045 234 2090 cum
252 2024 348 2098 mihi,
365 2023 424 2110 qui
441 2023 584 2098 fulmen,
602 2022 737 2109 quivos
754 2023 932 2108 habeoque
949 2043 1114 2112 regoque,

154 2131 314 2197 struxerit
330 2129 471 2194 insidias
488 2139 587 2194 notus
604 2111 735 2194 ¹feritate
751 2127 937 2216 Lycaon?'

199 2237 446 2304 Contremuere
463 2257 596 2312 omnes,
615 2236 802 2323 studiisque
825 2235 1021 2302 ardentibus
1038 2256 1158 2302 ausum

153 2345 235 2410 talia
252 2344 461 2430 deposcunt.v
502 2342 574 2417 Sic,
593 2363 672 2407 cum
690 2364 812 2408 manus
827 2342 933 2428 impia
949 2342 1058 2409 saevit
1154 2376 1206 2417 200

154 2450 325 2539 sanguine
342 2449 516 2516 Caesareo
534 2448 732 2515 Romanum
750 2448 970 2537 exstinguere
986 2470 1125 2526 nomen,
1168 2471 1171 2476 ·

154 2557 332 2622 attonitum
349 2567 444 2622 tanto
459 2555 591 2622 subitae
607 2568 734 2621 terrore
750 2545 871 2622 ruinae

154 2665 343 2729 humanum
361 2683 471 2750 genus
487 2673 538 2728 est
553 2673 710 2750 totusque
726 2663 920 2749 perhorruit
934 2663 1039 2731 orbis.

153 2791 219 2836 nec
235 2769 293 2834 tibi
310 2780 409 2856 grata
426 2769 539 2834 minus
554 2768 675 2855 pietas,
694 2767 865 2858 Auguste,
883 2781 1018 2837 tuorum
1035 2782 1098 2850 est,

153 2898 257 2964 quam
274 2876 337 2940 suit
352 2875 411 2940 illa
422 2875 513 2962 Jovi.
563 2873 634 2962 Qui
651 2888 831 2964 postquam
849 2900 934 2944 voce
951 2899 1125 2967 manuque
1156 2907 1207 2964 205

154 3003 329 3048 murmura
348 2983 561 3068 compressit,
579 2993 718 3048 tenuere
736 2984 870 3050 silentia
887 2983 1013 3049 cuncti.

155 3089 300 3156 substitit
314 3100 352 3154 ut
367 3091 509 3165 clamor,
528 3110 666 3174 pressus
683 3091 850 3178 gravitate
868 3091 1031 3179 regentis,
1127 3093 1130 3098 ’

147 3196 307 3284 Juppiter
323 3196 389 3261 hoc
405 3195 526 3261 iterum
543 3217 700 3262 sermone
719 3197 853 3264 silentia
870 3198 981 3284 rupit:

200 3302 288 3368 ‘Ille
304 3301 443 3390 quidem
460 3323 591 3388 poenas
612 3304 749 3392 (curam
766 3305 857 3370 hanc
873 3303 1046 3392 dimittite)
1067 3303 1189 3370 solvit:

152 3410 244 3496 quod
260 3417 376 3474 tar'nen
393 3409 595 3486 admissum,
613 3431 703 3498 quae
720 3411 762 3477 sit
776 3411 939 3487 vindicta,
958 3410 1102 3478 docebo.
1154 3443 1207 3482 210

154 3515 344 3605 contigerat
360 3529 493 3583 nostras
510 3517 651 3584 infamia
667 3517 830 3604 temporis
847 3539 968 3583 aures:

152 3644 257 3710 quam
274 3624 416 3710 cupiens
432 3625 568 3700 falsam,
587 3645 722 3689 summo
739 3624 879 3689 delabor
895 3623 1061 3710 Olympo,

152 3741 185 3795 et
201 3730 286 3796 deus
303 3733 456 3797 humana
472 3732 577 3797 lustro
594 3733 657 3797 sub
674 3731 826 3818 imagine
843 3741 963 3795 terras.

151 3837 258 3926 longa
276 3859 372 3903 mora
388 3851 451 3913 est,
469 3849 634 3924 quantum
652 3859 764 3902 noxae
782 3838 824 3902 sit
840 3837 965 3924 ubique
981 3845 1168 3922 repertum,

151 3964 376 4020 enumerare3
402 3943 514 4010 minor
528 3943 591 4008 fuit
606 3943 682 4030 ipsa
698 3942 841 4008 infamia
857 3963 951 4010 vero.
1152 3969 1203 4026 215
