2790 4356
218 260 283 345 138
451 259 523 327 The
557 259 702 327 Wisdom
726 260 774 347 eff
787 257 895 346 King
912 257 1048 327 Numa.
1125 277 1268 348 [Mem.

217 468 250 525 et
265 457 505 546 quodcumque
521 458 623 531 latet;
649 456 848 544 primusque
864 456 1028 522 animalia
1045 457 1173 522 mensis

216 567 329 652 arguit
346 565 486 650 imponi.
537 563 672 628 Primus
689 584 825 649 quoque
842 563 966 628 talibus
982 584 1044 628 ora

217 672 316 737 docta
332 672 471 756 quidem
488 670 599 745 solvit,
619 668 679 735 sed
697 691 766 735 non
783 680 816 734 et
833 669 975 746 credita,
994 670 1128 736 verbis:

264 789 273 819 ⁴
289 777 436 853 Parcite,
456 776 628 852 mortales,
648 776 795 860 dapibus
811 786 980 840 temerare
997 775 1157 843 nefandis
1235 805 1268 863 75

136 876 143 886 ’
216 883 381 971 corpora!
429 883 518 948 Sunt
533 884 663 971 fruges,
682 895 760 948 sunt
776 882 981 947 deducentia
996 903 1111 949 ramos

217 992 368 1076 pondere
385 1011 488 1076 poma
505 1011 580 1064 suo,
598 988 817 1074 tumidaeque
834 989 868 1052 in
884 988 1010 1054 vitibus
1027 987 1137 1066 urae3

217 1108 295 1162 sunt
311 1097 438 1162 herbae
455 1097 586 1170 dulceS,
605 1107 683 1160 sunt
699 1116 788 1180 quae
806 1094 984 1160 mitescere
1001 1093 1141 1160 flamma

218 1204 410 1291 mollirique
426 1215 573 1290 queant;
599 1221 663 1266 nec
679 1203 776 1266 vobrs
794 1200 925 1265 lacteus
944 1203 1067 1267 humor

217 1311 369 1396 eripitur,
387 1331 452 1374 nec
469 1310 570 1373 mella
588 1308 697 1394 thymi
714 1308 903 1372 redolentia
920 1305 1016 1372 flore.
1234 1327 1268 1380 80

216 1417 362 1504 prodiga
380 1416 514 1481 divitias
532 1415 761 1501 alimentaque
779 1414 872 1478 mitia
888 1414 989 1507 tellus
1033 1417 1035 1422 ’

217 1522 384 1610 suggerit,
403 1535 503 1608 atque
521 1521 641 1606 epulas
658 1521 731 1585 sine
749 1520 855 1584 caede
872 1532 905 1585 et
921 1521 1091 1608 sanguine
1112 1523 1265 1607 praebet.

150 1651 160 1674 ·
216 1650 320 1694 carne
337 1629 429 1694 ferae
446 1629 566 1692 sedant
578 1626 723 1715 jejunia,
742 1646 806 1691 nec
821 1637 936 1722 tamen
953 1649 1094 1694 omnes:

216 1735 343 1823 quippe
360 1755 468 1821 equus
484 1745 517 1798 et
533 1734 683 1818 pecudes
701 1745 923 1821 armentaque
940 1735 1098 1823 gramine
1114 1734 1252 1808 vivunt;

217 1853 250 1906 at
266 1842 389 1929 quibus
405 1840 584 1928 ingenium
602 1851 653 1905 est
669 1840 991 1928 inmansuetumque
1008 1842 1200 1931 serumque,
1234 1859 1266 1928 85

215 1947 472 2034 Armeniaeque
489 1947 594 2034 tigres
611 1947 836 2034 iracundique
853 1949 983 2025 leones,

216 2075 363 2143 cumque
380 2054 469 2140 lupis
485 2054 569 2130 ursi,
588 2055 734 2140 dapibus
752 2076 829 2121 cum
848 2056 1018 2143 sanguine
1035 2055 1198 2145 gaudent.

263 2173 272 2202 ‘
289 2161 368 2226 Heu
385 2173 549 2248 quantum
567 2163 679 2226 scelus
695 2163 796 2227 estin
814 2163 947 2228 viscera
964 2164 1097 2229 viscera
1113 2163 1227 2240 condi,

217 2281 448 2356 congestoque
466 2267 604 2332 avidum
622 2268 849 2356 pinguescere
866 2289 1010 2355 corpore
1027 2291 1164 2356 corpus,

216 2375 423 2462 alteriusque
440 2375 648 2440 animantem
666 2375 850 2441 animantis
865 2376 980 2442 vivere
998 2375 1086 2442 letol
1232 2407 1267 2464 90

262 2494 271 2524 ⁴
288 2483 428 2549 Scilicet
444 2482 478 2546 in
495 2481 596 2547 tantis
613 2482 750 2568 opibus,
768 2504 854 2570 quas
870 2484 1000 2569 optima
1017 2495 1164 2550 matrum

214 2590 325 2657 Terra
342 2589 442 2676 parit,
461 2590 509 2654 nil
525 2601 558 2656 te
574 2590 639 2656 nisi
656 2590 763 2655 tristia
780 2591 944 2655 mandere
961 2611 1065 2656 saevo

215 2699 358 2763 vulnera
374 2698 475 2762 dente
489 2698 598 2785 juvat,
617 2695 789 2784 rictusque
805 2697 933 2762 referre
949 2695 1167 2784 Cyclopum?

216 2827 292 2881 nec,
311 2805 376 2872 nisi
393 2805 582 2892 perdideris
600 2804 720 2879 aliurn,
739 2805 879 2890 placare
894 2803 1030 2870 voracis

215 2924 249 2979 et
265 2914 355 2978 male
372 2912 492 2978 morati
510 2912 636 2998 poteris
649 2911 780 3001 jejunia
797 2909 948 2978 ventris?
1232 2943 1268 3001 95

262 3020 334 3086 ‘At
349 3032 446 3086 vetus
463 3021 522 3085 illa
539 3031 646 3095 aetas,
666 3019 720 3085 cui
738 3018 881 3084 lecimus
897 3040 1008 3083 aurea
1024 3037 1163 3096 nomen,

215 3127 338 3193 fetibus
356 3129 507 3194 arboreis
524 3139 557 3194 et
572 3149 659 3215 quas
676 3128 801 3192 humus
818 3127 942 3193 educat
958 3127 1073 3194 herbis

217 3235 386 3300 fortunata
403 3235 477 3310 suit,
495 3255 561 3300 nec
576 3235 697 3320 polluit
713 3255 774 3300 ora
790 3255 921 3299 cruore.

215 3352 297 3407 tunc
313 3353 346 3408 et
362 3364 443 3408 aves
459 3354 552 3408 tutae
569 3363 706 3408 movere
723 3364 785 3428 per
801 3347 882 3408 aera
899 3361 1044 3427 pennas,

216 3462 250 3514 et
265 3451 363 3535 lepus
379 3448 561 3535 inpavidus
579 3449 700 3515 mediis
716 3449 842 3514 erravit
857 3449 892 3513 in
909 3448 1037 3524 herbis,
1219 3479 1268 3520 ιω

217 3577 282 3621 nec
297 3577 359 3620 sua
377 3556 561 3621 credulitas
578 3557 709 3641 piscem
727 3556 952 3640 suspenderat
968 3555 1092 3630 ham03

217 3675 340 3726 cuncta
356 3662 428 3726 sine
446 3662 577 3726 insidiis
593 3657 791 3748 nullamque
807 3661 961 3727 timentia
977 3661 1134 3727 fraudem

217 3766 387 3852 plenaque
403 3766 499 3851 pacis
516 3780 624 3831 erant.
673 3766 858 3855 Postquam
875 3789 945 3833 non
961 3767 1053 3832 utilis
1070 3778 1189 3834 auctor

216 3871 361 3934 victibus
377 3871 509 3947 invidit,
527 3873 681 3959 quisquis
698 3873 760 3938 suit
774 3874 844 3950 ille,
864 3875 1028 3960 priorum,

218 3994 468 4062 corporeasque
484 3977 592 4063 dapes
609 3979 745 4043 avidam
762 3979 924 4046 demersit
938 3979 975 4046 in
992 3981 1122 4060 alvum,
1176 3993 1183 3998 '
1216 4011 1266 4070 105
