2790 4356
176 241 242 313 104
464 221 537 297 The
559 221 679 292 Deatl
704 224 752 308 os
770 221 942 312 orpheus.
1086 236 1228 312 [Maean

366 501 468 574 XVI.
499 502 586 570 Tura
610 502 748 572 Danau
771 522 818 570 or
841 501 1032 572 Oaruuus.

485 745 489 750 .
543 699 647 771 [Boua
666 698 866 775 X1.-1-84.]

228 875 326 929 Srrnu
343 871 497 944 lamenting
514 870 544 925 in
562 869 684 925 solitude
702 868 744 924 lor
757 871 802 924 bis
815 868 871 926 lost
888 869 1037 944 Eurydice,
1053 871 1184 941 Orpbeus
1204 871 1229 925 is

174 961 296 1015 assailed
317 962 345 1014 in
366 978 384 1016 a
407 958 501 1032 lrenzy
521 958 560 1031 by
580 957 628 1014 the
647 973 756 1014 women
775 957 809 1012 of
823 957 940 1026 Thrace,
962 958 1024 1014 who
1044 966 1104 1016 tear
1123 958 1180 1014 him
1200 958 1230 1012 in

174 1048 285 1118 pieces;
305 1065 338 1102 so
352 1048 413 1106 that
424 1047 505 1102 while
524 1046 569 1101 bis
589 1043 665 1118 body
676 1045 701 1098 is
720 1044 808 1100 borne
826 1061 902 1116 upon
921 1044 968 1100 the
989 1044 1112 1112 Hebrus,
1125 1045 1182 1100 and
1200 1054 1230 1100 to

174 1137 221 1190 the
235 1135 285 1189 isle
298 1135 331 1190 of
346 1135 462 1201 Lesbos,
476 1136 520 1190 his
533 1132 622 1188 shade
635 1131 764 1204 securely
780 1131 857 1208 joins
870 1132 930 1187 that
948 1129 979 1186 of
994 1132 1040 1186 his
1053 1132 1115 1187 wife
1134 1132 1163 1185 in
1182 1133 1230 1186 the

176 1222 292 1294 Elysian
313 1223 407 1278 Fields
424 1223 489 1290 (XI.
506 1221 600 1291 1-66);
620 1220 667 1274 the
685 1235 795 1284 women
808 1219 870 1273 who
888 1219 945 1273 had
962 1219 1067 1273 caused
1084 1220 1129 1273 his
1146 1218 1230 1272 death

174 1309 259 1380 being
271 1310 309 1383 by
320 1310 449 1365 bacchus
462 1308 590 1382 changed
603 1317 633 1363 to
645 1315 719 1362 trees
734 1306 865 1377 (67-84).

180 1478 451 1624 CARMINE
474 1481 556 1549 durn
573 1480 632 1551 tali
649 1479 753 1548 silvas
770 1477 972 1566 animosque
988 1477 1138 1548 serarum

272 1588 455 1657 Threicius
472 1601 568 1654 vates
584 1599 616 1654 et
632 1607 718 1654 saxa
735 1585 913 1673 sequentia
929 1584 1036 1662 ducit,

178 1717 260 1761 ecce
276 1716 382 1762 nurus
399 1693 582 1772 Ciconum,
600 1705 708 1760 tectae
725 1693 904 1781 lymphata
921 1691 1037 1764 ferinis

175 1813 316 1890 pectora
332 1801 529 1878 velleribus,
548 1801 669 1868 tumuli
686 1801 729 1870 de
746 1798 873 1877 vertice
890 1809 1034 1874 cernunt

177 1907 334 1995 Orphea,
351 1908 523 1995 percussis
538 1907 726 1976 sociantem
742 1905 896 1990 carmina
913 1904 1036 1975 nervis.
1213 1935 1228 1994 ς

176 2016 335 2104 equibus
351 2037 433 2094 una,
453 2016 564 2081 levem
578 2015 706 2104 jactato
723 2013 818 2080 crine
835 2007 897 2103 'per
914 2032 1047 2088 auram,

176 2121 279 2200 ‘En‚’
295 2122 342 2188 ait
359 2133 369 2164 ⁶
385 2144 428 2193 en
445 2122 503 2190 hic
518 2133 570 2192 est
585 2122 690 2188 nostri
707 2129 919 2205 contemptor
931 2115 957 2184 l’
973 2129 1007 2194 et
1023 2119 1159 2194 hastam

174 2230 270 2297 vatis·
280 2227 454 2317 Apollinei
470 2229 605 2296 vocalia
621 2227 711 2299 misit
726 2228 762 2298 in
778 2247 839 2296 ora
850 2219 882 2291 e·

174 2357 265 2428 quae
281 2335 371 2403 loliis
387 2347 548 2423 praesuta
563 2346 679 2405 notam
696 2335 770 2404 sine
785 2334 928 2405 vulnere
944 2333 1036 2402 fecit.

220 2441 373 2510 Alterius
388 2443 494 2513 telum
511 2442 598 2528 lapis
614 2452 678 2518 est,
696 2441 754 2528 qui
772 2441 908 2520 missus,
926 2440 1055 2529 inipso
1197 2473 1230 2516 ro

177 2555 257 2615 aere
274 2559 442 2619 concentu
458 2548 567 2620 victus
584 2549 747 2636 vocisque
763 2548 928 2636 lyraeque
944 2561 1008 2627 est.

180 2677 223 2722 ac
238 2655 340 2723 veluti
358 2654 505 2742 supplex
520 2677 583 2742 pro
599 2665 668 2722 tam
685 2655 864 2730 furialibus
880 2658 974 2730 ausis

179 2776 257 2828 ante
274 2762 381 2849 pedes
392 2760 513 2851 jacuit.
560 2761 633 2828 Sed
648 2761 741 2829 enim
756 2764 939 2838 temeraria
955 2777 1114 2838 mereunt

174 2869 281 2946 bella,
301 2870 489 2956 modusque
506 2869 600 2944 abiit,
617 2867 808 2959 insanaque
824 2885 949 2963 regnat
964 2874 1104 2962 Erinys.

221 2974 424 3063 Cunctaque
439 2975 507 3041 tela
524 2975 634 3041 forent
651 2988 753 3043 cantu
771 2979 921 3059 mollita3
946 2981 1007 3049 sed
1024 2981 1148 3071 ingens
1196 3015 1208 3054 1
1213 3013 1228 3072 ς

176 3083 307 3147 clamor
323 3093 356 3147 et
372 3081 515 3148 infracto
532 3081 739 3171 Berecyntia
755 3087 837 3153 tibia
854 3109 975 3164 cornu,

174 3200 408 3276 tympanaque
424 3198 457 3254 et
472 3189 613 3275 plausus
629 3203 662 3258 et
678 3191 830 3260 Bacchei
847 3194 997 3261 ululatus

175 3295 395 3380 obstrepuere
412 3316 496 3362 sono
514 3296 677 3364 citharae.
725 3299 818 3365 Tum
834 3300 982 3388 denique
998 3321 1084 3367 saxa

175 3424 244 3467 non
261 3401 412 3467 exauditi
429 3403 617 3470 rubuerunt
634 3406 804 3494 sanguine
820 3406 920 3472 vatis.

176 3529 218 3573 ac
235 3508 380 3593 primum
398 3510 557 3577 attonitas
574 3509 762 3576 etiamnum
779 3532 864 3578 voce
881 3513 1035 3580 canentis
1193 3545 1229 3586 20

174 3613 372 3681 innumeras
389 3617 561 3691 volucres,
580 3638 780 3704 anguesque
797 3638 992 3706 agmenque
1009 3618 1174 3699 ferarum,

176 3717 369 3787 Maenades
387 3721 518 3808 Orphei
535 3722 668 3786 titulum
685 3743 830 3808 rapuere
847 3724 1019 3810 triumphi.

221 3825 306 3892 Inde
323 3828 507 3893 cruentatis
523 3837 701 3893 vertuntur
716 3826 752 3891 in
768 3827 910 3914 Orphea
927 3830 1068 3911 dextris,

175 3942 210 3998 et
225 3937 350 3998 coeunt
365 3943 401 3999 ut
418 3953 513 4010 aves,
531 3932 560 3999 si
576 3932 715 4021 quando
730 3932 807 4000 luce
823 3949 1009 4026 vagantem
