2752 4350
156 273 244 328 VIII.
261 272 334 344 545]
487 253 606 319 Death
630 253 678 338 os
690 251 885 338 Meleager.
958 283 964 290 ·

154 451 307 540 ignibus,
326 473 366 518 ac
383 473 529 540 magnos
545 459 685 535 superat
699 448 821 514 virtute
838 449 984 515 dolores.

155 559 246 646 quod
263 571 378 623 tamen
394 560 521 645 ignavo
537 558 639 622 cadat
655 567 687 620 et
703 556 776 620 sine
794 555 963 642 sanguine
979 557 1059 634 lete,

155 676 297 741 maeret,
317 677 349 731 et
363 663 498 730 Ancaei
516 664 628 729 felicia
646 664 789 727 vulnera
805 663 905 736 dicit3

155 773 461 859 grandaevumque
479 782 609 857 patrem
628 769 815 854 fratresque
833 769 975 856 piasque
992 792 1126 836 sorores
1155 802 1205 858 520

155 898 235 942 curn
252 880 394 966 gemitu,
413 878 610 964 sociamque
626 876 689 940 tori
705 886 806 941 vocat
821 896 879 940 ore
896 897 1077 961 suprem03

155 983 295 1050 forsitan
311 994 345 1049 et
360 994 515 1049 matrem.
564 982 733 1049 Crescunt
749 982 907 1069 ignisque
925 983 1102 1070 dolorque,

153 1090 450 1177 languescuntque
467 1090 609 1155 iterum:
636 1069 736 1154 simul
754 1100 805 1154 est
821 1089 1005 1156 exstinctus
1021 1101 1177 1177 uterque,

153 1195 258 1283 inque
274 1196 367 1262 leves
384 1196 466 1261 abiit
482 1195 646 1282 paulatim
665 1195 801 1282 spiritus
819 1216 921 1261 auras

153 1303 320 1389 paulatim
337 1323 424 1369 cana
441 1325 586 1390 prunam
604 1303 739 1366 velante
756 1301 885 1367 favilla.
1155 1333 1204 1390 525

198 1407 282 1475 Alta
294 1410 386 1498 jacet
402 1409 586 1497 Calydon:
611 1410 731 1496 lugent
743 1409 955 1497 juvenesque
971 1430 1153 1496 senesque,

152 1517 348 1604 vulgusque
365 1537 593 1603 proceresque
610 1526 766 1602 gemunt,
786 1516 981 1603 scissaeque
998 1518 1142 1612 capillos

153 1623 367 1711 planguntur
383 1634 508 1688 matres
525 1621 761 1709 Calydonides
777 1621 969 1688 Eueninae.

154 1730 297 1816 pulvere
314 1729 474 1795 canitiem
493 1729 627 1817 genitor
643 1731 824 1816 vultusque
841 1730 966 1796 seniles

152 1836 268 1903 foedat
284 1837 379 1901 humi
397 1836 506 1913 fusus,
525 1835 780 1923 spatiosumque
797 1835 951 1922 increpat
967 1859 1104 1902 aevum.

152 1960 234 2006 nam
253 1941 294 2006 de
313 1953 419 2006 matre
436 1962 559 2006 manus
576 1940 641 2005 diri
659 1941 723 2005 sibi
739 1942 877 2028 conscia
894 1941 975 2006 facti
1155 1973 1206 2028 530

153 2047 271 2135 exegit
288 2068 429 2133 poenas,
449 2058 525 2112 acto
542 2067 604 2132 per
619 2047 753 2110 viscera
771 2046 868 2111 ferro.

152 2176 223 2219 non
240 2155 323 2218 mihi
340 2153 368 2220 si
385 2165 522 2220 centum
540 2154 625 2219 deus
643 2174 703 2218 ora
721 2153 876 2219 sonantia
894 2154 1034 2242 linguis,

151 2262 399 2354 ingeniumque
416 2283 542 2349 capax,
560 2273 735 2349 totumque
754 2259 924 2327 Helicona
943 2263 1104 2341 dedisset,

150 2372 259 2438 tristia
276 2393 502 2460 persequerer
518 2369 720 2436 miserarum
739 2369 829 2434 dicta
846 2391 1013 2435 sororum.

151 2479 359 2546 inmemores
378 2481 510 2547 decoris
528 2478 668 2543 liventia
685 2488 824 2563 pectora
840 2478 1006 2552 tundunt;
1156 2512 1205 2568 535

150 2589 302 2676 dumque
319 2601 434 2655 manet
449 2611 585 2676 corpus,
604 2611 728 2676 corpus
743 2590 963 2678 refoventque
980 2591 1183 2679 foventque3

150 2695 270 2761 oscula
287 2696 369 2761 dant
385 2697 463 2782 ipsi,
483 2699 593 2784 posito
610 2699 693 2762 dant
709 2699 828 2763 oscula
845 2700 954 2773 lect0;

151 2813 229 2889 post
246 2802 394 2868 cinerem
413 2803 546 2869 cineres
563 2806 703 2871 haustos
721 2805 765 2870 ad
782 2817 920 2891 pectora
936 2818 1113 2891 pressant;

151 2911 363 2999 adfusaeque
377 2911 495 2999 jacent
511 2913 655 2988 tumu10,
674 2912 877 3000 signataque
893 2934 979 2978 saxo

150 3017 292 3084 nomina
310 3019 512 3103 complexae
529 3018 689 3083 lacrimas
706 3019 741 3082 in
759 3019 899 3085 nomina
916 3018 1073 3084 fundunt.
1153 3051 1205 3108 540

150 3145 239 3211 quas
255 3123 484 3190 Parthaoniae
501 3124 640 3189 tandem
657 3122 804 3190 Latonia
820 3125 918 3190 clade

151 3230 318 3296 exsatiata
335 3230 469 3306 domus,
489 3241 623 3315 praeter
638 3228 849 3318 Gorgenque
866 3253 1058 3320 nurumque

150 3336 276 3402 nobilis
291 3334 497 3411 Alcmenae,
515 3335 603 3401 natis
618 3336 654 3401 in
671 3357 813 3423 corpore
830 3338 951 3422 pennis
1036 3325 1037 3330 ἵ

152 3441 289 3518 allevat,
308 3453 341 3508 et
357 3443 479 3530 longas
496 3461 557 3528 per
571 3442 734 3508 bracchia
752 3443 895 3532 porrigit
910 3446 997 3520 alas,

151 3569 345 3638 corneaque
361 3567 421 3616 ora
437 3548 531 3627 facit,
546 3568 733 3635 versasque
749 3570 811 3636 per
827 3555 907 3617 aera
924 3551 1034 3617 mittit.
1150 3581 1200 3638 545
