2752 4350
165 247 206 302 11.
223 247 299 320 310.]
372 227 519 317 Appeal
538 230 586 317 ‘ff
598 230 654 296 the
676 228 795 296 Eurth
817 237 851 294 to
880 227 1038 318 Jupiter.
1142 308 1147 316 Ι
1171 244 1212 316 27
1235 303 1239 311 ,

162 448 267 514 quam
284 428 370 493 solet
385 448 473 503 esse,
492 427 567 503 fuit,
586 449 752 514 sacraque
768 427 814 491 ita
830 447 916 492 voce
932 427 1046 492 locuta
1062 438 1133 493 est:

208 533 271 598 ‘Si
307 533 419 618 placet
451 534 529 610 hoc,
564 535 753 621 meruique,
787 533 869 621 quid
908 532 940 598 O
979 545 1037 598 tua
1068 533 1212 601 fulmina

297 650 446 714 cessant,

160 767 294 812 summe
311 745 436 811 deum?
460 746 562 811 liceat
578 746 748 833 periturae
764 745 893 810 viribus
910 744 1000 833 ignis
1160 767 1213 820 280

158 853 242 940 igne
259 852 370 938 perire
386 864 456 927 tuo,
475 853 677 939 clademque
695 864 832 917 auctore
848 852 976 916 levare.

157 960 218 1025 vix
235 959 393 1046 equidem
410 959 527 1024 fauces
545 961 632 1025 haec
648 959 722 1046 ipsa
739 960 773 1024 in
789 959 895 1024 verba
912 959 1121 1026 resolvo’-

158 1076 329 1152 presserat
345 1064 405 1131 ora
420 1087 529 1152 vapor
539 1077 605 1115 -‘
620 1076 724 1132 tostos
741 1088 783 1131 en
802 1065 917 1151 aspice
934 1065 1058 1143 crinea,

94 1203 102 1230 i
157 1172 262 1258 inque
278 1171 386 1237 oculis
402 1182 545 1248 tantum,
564 1182 695 1237 tantum
712 1192 815 1257 super
830 1191 890 1236 ora
907 1170 1057 1238 favillae.

157 1280 267 1344 hosne
284 1279 367 1343 mihi
383 1279 524 1354 fructus,
544 1280 635 1344 hunc
652 1277 831 1344 fertilitatis
849 1279 1014 1343 honorem
1158 1299 1209 1368 ²85

157 1385 327 1472 officiique
343 1386 463 1461 refers,
481 1386 572 1472 quod
590 1386 715 1451 adunci
732 1386 875 1451 vulnera
893 1385 996 1449 aratri

156 1503 410 1579 rastrorumque
427 1491 511 1567 fem,
529 1504 666 1579 totoque
684 1513 849 1557 exerceor
865 1511 970 1567 anno,

156 1599 249 1685 quod
266 1599 379 1684 pecori
396 1598 534 1664 frondes
552 1599 779 1684 alimentaque
798 1595 892 1662 mitia
924 1597 1042 1686 fruges

156 1707 308 1770 humano
325 1705 457 1792 generi,
476 1705 572 1771 vobis
589 1727 724 1794 quoque
740 1715 816 1770 tura
834 1703 1009 1770 ministro?

156 1813 218 1878 sed
234 1824 349 1877 tamen
365 1813 505 1877 exitium
523 1811 578 1877 fac
595 1833 650 1877 me
668 1812 845 1887 meruisse,
864 1811 945 1898 quid
962 1812 1097 1888 undae3
1155 1846 1208 1903 290

155 1919 239 2006 quid
255 1917 378 1983 meruit
394 1916 519 1983 frater?
543 1938 604 1984 cur
619 1918 668 1982 illi
685 1919 808 1983 tradita
825 1930 914 1983 sorte
967 1927 976 1950 '

156 2045 307 2112 aequora
322 2026 526 2090 decrescunt
542 2035 575 2090 et
591 2026 634 2091 ab
652 2026 789 2090 aethere
807 2023 944 2112 longius
961 2023 1105 2091 absunt?

155 2133 247 2220 quod
264 2131 292 2197 si
309 2153 374 2197 nec
390 2131 516 2206 fratris,
535 2142 649 2197 necte
668 2152 744 2196 mea
762 2131 873 2220 gratia
890 2132 1012 2220 tangit,

156 2252 190 2305 at
206 2239 293 2304 caeli
310 2239 471 2304 miserere
487 2237 556 2303 tuil
582 2238 806 2324 circumspice
823 2251 1024 2325 utrumque:

154 2347 263 2412 sumat
277 2357 419 2434 uterque
436 2348 555 2433 polus3
581 2368 666 2434 quos
684 2347 712 2412 si
729 2346 897 2412 vitiaverit
912 2347 1016 2435 ignis,
1154 2378 1204 2436 295

155 2455 240 2520 atria
256 2466 368 2520 vestra
384 2464 494 2520 ruent.
543 2452 643 2520 Atlas
660 2475 703 2520 en
721 2454 793 2540 ipse
811 2455 955 2531 laborat,

152 2564 280 2652 vixque
296 2563 367 2631 suis
383 2562 534 2629 humeris
550 2563 753 2629 candentem
772 2563 914 2628 sustinet
930 2583 1044 2630 axem.

154 2671 183 2737 si
199 2671 298 2747 freta,
316 2671 345 2737 si
362 2682 472 2736 terrae
490 2681 646 2758 pereunt,
665 2671 694 2736 si
710 2670 808 2759 regia
824 2671 924 2746 caeli,

153 2778 189 2843 in
206 2780 312 2844 chaos
329 2779 504 2866 antiquum
523 2779 776 2846 confundimur.
825 2777 928 2863 Eripe
944 2777 1106 2853 flammiS,

153 2886 265 2974 siquid
283 2889 397 2953 adhuc
413 2900 579 2974 superest,
598 2897 632 2952 et
647 2908 761 2952 rerum
779 2887 919 2962 consule
936 2885 1116 2950 summae.'
1153 2917 1204 2970 300

199 2995 344 3060 Dixerat
360 2997 447 3060 haec
462 2994 605 3061 Tellus:
630 3016 741 3081 neque
759 2994 849 3060 enim
867 2994 1012 3057 tolerare
1028 3012 1192 3078 vaporem

131 3085 294 3167 'ulterius
310 3102 429 3188 potuit,
448 3123 512 3168 nec
529 3102 642 3168 dicere
659 3102 779 3188 plura;
804 3121 973 3186 suumque

152 3207 280 3272 rettulit
294 3230 332 3274 os
347 3207 384 3273 in
400 3230 437 3274 se
454 3208 682 3295 propioraque
699 3207 864 3272 Manibus
881 3217 991 3272 antra.

197 3313 245 3379 At
261 3325 357 3400 pater
372 3315 599 3401 omnipotenS‚
619 3336 761 3400 superos
777 3324 918 3380 testatus
935 3325 968 3379 et
983 3314 1096 3399 ipsum

151 3421 209 3508 qui
227 3421 368 3488 dederat
384 3443 516 3498 currus,
535 3421 599 3488 nisi
616 3443 718 3507 opem
735 3421 833 3496 serat,
852 3420 967 3486 omnia
983 3420 1052 3486 fato
1151 3449 1201 3507 305

151 3527 327 3592 interitura
343 3528 453 3616 gravi,
472 3549 643 3593 summam
659 3526 742 3613 petit
758 3528 884 3592 arduus
901 3547 1028 3602 arcem,

150 3633 244 3698 unde
261 3634 346 3699 solet
362 3633 438 3699 latis
455 3635 563 3699 nubes
579 3633 742 3698 inducere
758 3633 870 3708 terriS,
957 3677 960 3681 -

150 3740 243 3805 unde
260 3751 373 3805 movet
388 3740 543 3815 tonitrus,
561 3740 760 3827 vibrataque
777 3739 921 3804 fulmina
934 3738 1051 3827 jactat.

151 3847 212 3911 sed
229 3867 354 3933 neque,
371 3867 458 3933 quas
474 3857 589 3931 posset
604 3845 701 3910 terris
717 3846 894 3920 inducere,
912 3846 1021 3910 nubes

150 3961 231 4017 tunc
248 3951 379 4028 habuit,
397 3973 463 4016 nec
478 3973 564 4038 quos
581 3952 678 4017 caelo
695 3951 889 4028 dimitteret,
908 3950 1047 4016 imbres.
1149 3980 1201 4034 3¹0

412 4044 429 4074 0
