2752 4350
179 178 223 265 76
461 176 533 244 The
555 176 680 265 Flight
703 177 750 263 of
763 174 945 243 Daedalus.
1086 191 1228 264 [Mamur.

179 377 325 444 destinat
341 377 434 441 hunc
451 375 567 440 Minos
584 373 744 438 thalamis
761 393 938 438 removere
957 372 1137 458 pudorem,

178 484 424 569 multiplicique
441 484 543 548 domo
560 481 741 567 caecisque
757 480 933 545 includere
951 479 1060 544 tectis.

225 591 401 655 Daedalus
418 588 558 677 ingenio
575 588 693 652 fabrae
711 585 955 652 celeberrimus
972 585 1054 651 altis

179 697 273 784 ponit
289 718 388 782 opus,
407 695 586 782 turbatque
603 706 714 769 notas,
733 703 766 757 et
782 691 913 757 lumina
929 691 1059 757 flexum
1180 708 1230 763 160

180 804 271 871 ducit
287 803 323 867 in
339 823 487 867 errorem
504 801 676 866 variarum
695 799 842 886 ambage
860 799 1005 862 viarum.

177 933 248 976 non
265 930 363 975 secus
381 930 421 973 ac
437 907 586 995 liquidus
601 907 765 993 Phrygiis
782 904 970 970 Maendros
987 905 1021 968 in
1040 903 1129 970 arvis

178 1016 277 1092 ludit,
296 1027 328 1080 et
345 1016 507 1102 ambiguo
524 1015 624 1099 lapsu
640 1012 819 1097 refluitque
837 1011 990 1098 fluitque,

178 1143 430 1208 occurrensque
447 1121 511 1187 sibi
527 1132 688 1185 venturas
706 1118 827 1204 aspicit
844 1120 968 1195 undae,

179 1241 212 1295 et
228 1251 320 1295 nunc
337 1231 380 1294 ad
398 1229 519 1304 sontes,
539 1247 631 1291 nunc
648 1227 692 1291 ad
710 1247 804 1291 mare
821 1248 939 1292 versus
958 1236 1111 1312 apertum
1181 1241 1227 1311 ¹⁶5

178 1337 326 1402 incertas
343 1345 480 1401 exercet
497 1354 625 1420 aquas:
651 1331 697 1397 ita
715 1333 891 1398 Daedalus
909 1334 1028 1419 implet

178 1443 377 1508 innumeras
395 1462 508 1507 errore
525 1440 620 1515 vias3
644 1439 772 1526 vixque
789 1439 862 1526 ipse
879 1439 1001 1505 reverti

180 1551 223 1614 ad
240 1550 344 1613 limen
362 1548 482 1634 potuit,
499 1557 593 1612 tanta
608 1557 661 1612 est
675 1547 812 1612 fallacia
829 1546 919 1612 tecti.

225 1654 306 1741 (Quo
322 1638 502 1741 postquam
520 1653 695 1740 geminam
713 1656 800 1719 tauri
813 1653 1018 1742 juvenisque
1035 1655 1183 1742 liguram

179 1762 313 1838 clausit,
332 1771 364 1826 et
380 1759 513 1826 Actaeo
528 1760 581 1827 bis
599 1773 733 1847 pastum
750 1761 919 1849 sanguine
937 1773 1124 1827 monstrum
1180 1791 1230 1845 170

178 1869 276 1935 tertia
292 1890 366 1934 sors
383 1866 482 1933 annis
499 1868 629 1933 domuit
645 1868 786 1954 repetita
802 1870 965 1947 novenis3

178 1987 282 2063 utque
298 1997 364 2062 ope
380 1974 538 2063 virginea
554 1975 656 2041 nullis
673 1975 792 2040 iterata
808 1974 959 2060 priorum

175 2083 283 2173 janua
299 2082 447 2148 difficilis
463 2083 521 2148 filo
537 2093 588 2147 est
604 2081 741 2146 inventa
759 2073 897 2158 relect0,

178 2191 332 2278 protinus
348 2189 504 2278 Aegides
521 2200 618 2275 rapta
635 2187 791 2254 Minoide
809 2188 914 2253 Diam

177 2300 256 2364 vela
273 2297 378 2372 dedit,
397 2296 623 2382 comitemque
639 2315 738 2360 suam
755 2294 903 2360 crudelis
920 2294 954 2358 in
971 2294 1030 2361 illo
1110 2283 1113 2290 ⁴
1180 2323 1229 2380 175

179 2406 276 2473 litore
292 2403 454 2470 destituit.
502 2402 668 2468 Desertae
684 2411 718 2467 et
734 2403 840 2466 multa
856 2401 1011 2489 querenti

179 2513 360 2599 amplexus
375 2520 409 2576 et
424 2530 525 2595 opem
542 2508 648 2573 Liber
663 2508 751 2583 tulit,
769 2519 873 2595 utque
890 2508 1032 2594 perenni

178 2619 289 2686 sidere
306 2617 400 2683 clara
416 2615 514 2690 foret,
533 2626 705 2700 sumptam
722 2616 764 2679 de
781 2613 890 2680 fronte
909 2635 1070 2680 coronam

177 2724 317 2791 immisit
332 2724 442 2790 caelo.
490 2721 631 2787 Tenues
647 2721 740 2800 volat
755 2721 814 2785 illa
832 2742 893 2806 per
911 2742 1033 2796 auras3

178 2833 329 2921 dumque
345 2830 448 2906 volat,
467 2848 628 2918 gemmae
645 2826 768 2893 nitidos
785 2838 959 2892 vertuntur
976 2827 1011 2904 in
1028 2827 1140 2915 ignes,
1179 2846 1228 2900 180

177 2940 431 3028 consistuntque
447 2939 536 3013 loco,
555 2934 669 3022 specie
685 2944 883 3000 remanente
900 2955 1060 3010 coronae,

176 3045 234 3134 qui
253 3045 384 3110 medius
400 3043 552 3129 Nixique
569 3061 662 3129 genu
679 3049 743 3113 est,
761 3036 994 3125 Anguemque
1010 3037 1168 3103 tenentis.

223 3150 399 3217 Daedalus
415 3149 545 3214 interea
561 3145 688 3214 Creten
705 3145 917 3234 longumque
934 3165 1076 3230 perosus

176 3259 349 3340 exsil'urm‚
366 3267 544 3343 tactusque
559 3254 627 3320 loci
643 3253 766 3319 natalis
784 3273 913 3329 amore,

176 3367 314 3433 clausus
330 3373 402 3430 erat
417 3362 556 3449 pelago.
607 3360 758 3426 ‘Terras
774 3358 871 3425 licet’
886 3358 996 3445 inquit
1013 3368 1021 3399 ‘
1036 3368 1069 3425 et
1084 3360 1195 3425 undas

175 3475 339 3548 obstruat,
358 3481 391 3536 at
407 3470 541 3535 caelum
559 3478 649 3534 certe
665 3477 777 3553 patet:
803 3466 928 3531 ibimus
944 3465 1034 3531 illac.

175 3579 289 3644 omnia
307 3573 491 3664 possideat,
510 3596 579 3640 non
595 3573 745 3660 possidet
763 3579 843 3638 aera
859 3571 1000 3639 Minos!

175 3684 280 3756 dixit;
306 3693 339 3748 et
353 3681 489 3770 ignotas
506 3681 660 3746 animum
678 3680 812 3746 dimittit
827 3665 861 3744 in
880 3690 982 3757 artes,

175 3799 400 3872 naturamque
416 3798 539 3852 novat:
564 3807 645 3850 nam
662 3786 757 3870 ponit
773 3785 807 3849 in
823 3785 942 3851 ordine
960 3806 1106 3872 pennas,

175 3914 197 3959 a
213 3892 354 3956 minima
372 3903 523 3978 coeptas,
541 3891 683 3980 longam
700 3891 854 3957 breviore
872 3893 1039 3978 sequenti,
1176 3925 1225 3983 ¹90
