2752 4350
15 3171 21 3210 l

150 197 175 251 1.
205 195 279 268 147.]
517 174 587 241 The
608 174 711 242 Four
733 175 841 264 Ages.

148 375 214 440 sub
226 374 314 460 Jove
330 373 480 440 mundus
496 384 581 460 erat,
599 373 702 440 subiit
717 383 886 461 argentea
903 373 1031 459 proles,

149 503 234 549 auro
251 467 408 557 deterior,
427 481 520 546 fulvo
538 479 716 566 pretiosior
732 500 825 544 aere.

142 587 303 675 Juppiter
319 587 448 674 antiqui
464 587 633 652 contraxit
648 597 801 672 tempora
816 587 920 663 veris,

149 715 279 781 perque
295 693 426 759 hiemes
443 704 625 780 aestusque
642 703 675 758 et
689 692 889 779 inaequales
905 704 1088 760 autumnos

148 812 182 866 et
196 801 300 866 breve
316 822 377 865 ver
392 800 510 886 spatiis
526 799 644 888 exegit
658 810 816 886 quattuor
832 821 973 864 annum.

148 918 220 973 tum
238 906 386 993 primum
403 906 504 994 siccis
521 912 579 971 aer
596 906 785 972 fervoribus
801 917 897 972 ustus

149 1013 302 1089 canduit,
320 1024 354 1078 et
369 1014 478 1080 ventis
495 997 626 1101 glacies
643 1012 801 1077 adstricta
818 1012 993 1099 pependit.

147 1131 219 1185 tum
237 1120 385 1204 primurn
401 1119 542 1204 subiere
553 1120 695 1185 domus:
719 1120 842 1185 domus
859 1130 956 1185 antra
972 1120 1110 1186 fuerunt

148 1238 182 1293 et
198 1226 296 1292 densi
312 1226 449 1292 frutices
466 1237 500 1291 et
514 1226 649 1291 vinctae
666 1226 790 1292 cortice
807 1225 939 1313 virgae.

148 1333 281 1400 semina
297 1343 368 1397 tum
385 1332 533 1420 primum
547 1332 661 1421 longis
674 1331 833 1398 Cerealia
849 1331 953 1398 sulcis

148 1441 271 1506 obruta
287 1450 377 1515 sunt,
395 1439 572 1527 pressique
585 1439 671 1529 jugo
689 1460 852 1527 gemuere
865 1439 1016 1528 juvenci.

193 1547 311 1612 Tertia
328 1558 404 1633 post
420 1547 496 1612 illas
513 1547 800 1630 successitaa'nea
816 1548 941 1632 proles,
1150 1577 1199 1634 ης

148 1653 283 1720 saevior
298 1653 460 1741 ingeniis,
478 1664 512 1718 et
527 1654 571 1720 ad
588 1653 726 1719 horrida
742 1653 929 1739 promptior
945 1675 1053 1731 arma,

172 1783 217 1825 on
225 1758 400 1826 ‘scelerata
416 1771 544 1825 tamen.
556 1797 602 1808 -
612 1759 665 1824 De
682 1760 768 1825 duro
784 1773 835 1825 est
850 1759 969 1826 ultima
972 1762 1098 1847 ferro.

130 1771 300 1954 §rotinus
312 1865 440 1954 inrupit
452 1887 561 1932 venae
578 1865 703 1953 pejoris
720 1865 755 1930 in
772 1887 896 1931 aevum

71 1979 75 1985 “
147 1995 250 2040 omne
266 1974 385 2040 nefas:
410 1975 531 2062 fugere
548 1975 658 2061 pudor
674 1996 861 2062 verumque
877 1976 1052 2062 fidesque:

146 2081 183 2146 in
199 2103 344 2169 quorum
360 2082 494 2150 subiere
511 2082 626 2147 locum
642 2082 847 2169 fraudesque
864 2083 1001 2170 dolique
1149 2115 1199 2170 ¹30

147 2188 360 2278 insidiaeque
377 2186 410 2256 et
425 2190 478 2257 vis
494 2202 527 2256 et
544 2212 639 2256 amor
655 2192 841 2257 sceleratus
859 2189 1018 2257 habendi.

147 2298 225 2363 vela
242 2299 369 2364 dabant
384 2298 507 2375 ventis,
519 2335 565 2348 -
575 2320 640 2364 nec
656 2299 771 2365 adhuc
787 2300 875 2365 bene
893 2309 1035 2364 noverat
1050 2297 1127 2365 illos

146 2399 499 2492 navita-quaeque
516 2405 574 2470 diu
590 2416 752 2470 steterant
766 2406 801 2471 in
818 2406 989 2472 montibus
1006 2407 1095 2483 altis,

132 2511 306 2606 ¹fluctibus
322 2511 447 2599 ignotis
464 2512 669 2578 insultavere
687 2513 838 2578 carinae.

132 2624 434 2704 'communemque
451 2618 558 2703 prius,
576 2639 640 2684 ceu
657 2619 787 2683 lumina
804 2619 885 2686 solis
902 2628 934 2685 et
951 2640 1066 2696 auras,
1149 2651 1197 2707 135

147 2736 268 2789 cautus
285 2725 427 2789 humum
444 2724 549 2812 longo
566 2725 716 2814 signavit
730 2724 837 2791 limite
855 2747 1002 2792 mensor.

146 2851 212 2896 nec
228 2842 358 2896 tantum
376 2842 511 2922 segetes
529 2832 760 2920 alimentaque
777 2833 890 2898 debita
907 2833 1004 2898 dives

146 2938 352 3024 poscebatur
367 2939 506 3015 humus,
525 2939 586 3004 sed
601 2939 683 3003 itum
701 2939 802 3004 estin
819 2939 951 3005 viscera
967 2951 1098 3014 terrae3

142 3065 300 3132 quasque
317 3045 556 3111 recondiderat
573 3045 774 3133 Stygiisque
792 3047 992 3111 admoverat
1007 3045 1150 3122 umbris,

147 3151 354 3216 effodiuntur
368 3172 465 3237 opes,
483 3152 697 3218 inritamenta
716 3153 896 3218 malorum.
1150 3183 1198 3235 140

187 3257 336 3344 Jamque
352 3279 481 3324 nocens
496 3259 637 3335 ferrum,
656 3260 812 3347 ferroque
829 3261 1006 3339 nocentius
1023 3281 1144 3325 aurum

148 3365 339 3449 prodierat;
364 3367 476 3452 prodit
492 3366 642 3442 Bellum,
660 3368 751 3455 quod
768 3379 901 3456 pugnat
916 3379 1072 3454 utroque,

148 3471 408 3559 sanguineaque
425 3492 530 3537 manu
548 3473 747 3558 crepitantia
764 3475 913 3540 concutit
929 3495 1037 3538 arma.
1119 3502 1120 3506 ¹

146 3577 271 3644 vivitur
286 3600 330 3643 ex
347 3590 465 3665 rapto:
489 3601 558 3645 non
575 3580 700 3666 hospes
718 3581 761 3645 ab
779 3582 910 3667 hospite
926 3591 1029 3655 tutus,

147 3706 216 3750 non
234 3707 332 3750 socer
349 3707 369 3750 a
385 3706 535 3773 gener03
561 3687 702 3752 fratrum
720 3707 855 3774 quoque
873 3686 984 3774 gratia
1000 3705 1077 3750 rara
1093 3695 1156 3750 est.

148 3791 303 3857 imminet
319 3793 423 3858 exitio
438 3793 490 3857 vir
506 3793 677 3882 conjugis
695 3794 755 3859 illa
772 3793 904 3868 mariti;

148 3898 260 3967 lurida
275 3899 443 3965 terribiles
460 3899 604 3966 miscent
619 3900 754 3965 aconita
771 3919 961 3973 novercae3
