2752 4350
145 222 183 277 V.
195 221 270 302 454]
341 277 346 283 ,
475 206 557 274 Her
591 207 714 294 Wcary
738 205 884 273 Search.

145 401 326 488 primaque
343 401 385 468 de
403 414 471 469 tota
488 405 688 470 tenuissima
704 424 862 490 quaeque
879 400 1083 488 liquescunt,

146 508 296 573 caerulei
313 508 438 586 crines,
457 511 625 597 digitique
642 521 674 575 et
691 529 790 574 crura
806 509 1002 594 pedesque:

144 636 227 679 nam
244 615 357 680 brevis
373 614 409 680 in
425 616 559 703 gelidas
578 616 739 681 membris
757 614 903 680 exilibus
921 613 1032 678 undas

143 720 306 787 transitus
323 731 394 797 est;
418 723 599 807 posthaec
615 720 748 786 humeri
764 733 950 808 tergusque
966 720 1123 806 latusque

143 838 352 915 pectoraque
369 827 403 893 in
420 840 540 893 tenues
558 828 684 894 abeunt
700 826 847 892 evanida
863 826 967 893 rivos.
1144 856 1197 912 435

145 933 293 1021 denique
310 957 372 1020 pro
388 935 466 1000 vivo
483 934 618 1000 vitiatas
634 933 804 1022 sanguine
820 954 927 999 venas

144 1041 289 1129 lympha
306 1041 414 1116 subit:
440 1052 613 1128 restatque
630 1041 729 1116 nihil,
748 1041 839 1127 quod
856 1040 1024 1126 prendere
1040 1038 1164 1127 possis.

191 1147 326 1213 Interea
343 1149 489 1234 pavidae
507 1148 715 1235 nequiquam
732 1148 802 1212 filia
820 1147 917 1212 matri

144 1255 303 1321 omnibus
320 1268 370 1321 est
385 1256 496 1331 terris,
514 1256 607 1322 omni
624 1254 778 1342 quaesita
794 1256 977 1341 profundo.

144 1361 240 1426 illam
258 1384 326 1427 non
342 1363 419 1428 udis
436 1362 577 1428 veniens
594 1361 731 1428 Aurora
747 1362 882 1447 capillis
1144 1391 1198 1446 440

144 1480 336 1534 cessantem
353 1469 448 1546 vidit,
467 1491 536 1535 non
555 1469 755 1555 Hesperus:
779 1469 839 1534 illa
855 1469 989 1534 duabus

143 1574 365 1640 flammiferas
382 1576 483 1661 pinus
502 1576 660 1641 manibus
677 1576 855 1642 succendit
871 1577 914 1641 ab
930 1574 1059 1654 Aetna,

144 1702 273 1768 perque
289 1681 468 1767 pruinosas
485 1683 560 1748 tulit
574 1682 764 1770 inrequieta
781 1685 950 1748 tenebras.

143 1809 260 1852 rursus
277 1789 335 1853 ubi
352 1789 445 1853 alma
461 1779 538 1855 dies'
552 1788 730 1855 hebetarat
745 1789 873 1866 sidera,
891 1801 1008 1855 natam

144 1894 225 1959 solis
242 1895 285 1958 ab
301 1915 427 1960 occasu
445 1896 525 1962 solis
543 1897 730 1983 quaerebat
745 1898 789 1962 ad
806 1910 912 1963 ortus.
1142 1927 1194 1985 445

143 2001 234 2067 sessa
251 2002 368 2068 labore
385 2003 475 2068 sitim
492 1990 692 2091 collegerat,
710 2026 838 2092 oraque
855 2003 940 2068 nulli

143 2109 332 2175 colluerant
347 2109 477 2186 sontes3
503 2131 581 2176 cum
598 2122 721 2176 tectam
739 2111 901 2177 stramine
918 2110 1001 2176 vidit

143 2214 228 2280 forte
245 2237 375 2292 casam,
392 2238 587 2304 parvasque
603 2218 694 2284 fores
710 2219 879 2304 pulsavit:
903 2229 937 2282 at
952 2217 1032 2283 inde

143 2322 255 2406 prodit
271 2343 370 2399 anus,
388 2324 571 2410 divamque
588 2325 692 2399 videt,
711 2326 960 2412 lymphamque
976 2320 1112 2412 roganti

143 2429 244 2493 dulce
260 2429 366 2506 dedit,
384 2439 470 2495 tosta
487 2431 580 2517 quod
595 2442 728 2496 texerat
745 2441 822 2496 ante
839 2431 991 2517 polenta.
1140 2461 1195 2517 450

142 2536 225 2601 dum
240 2535 325 2602 bibit
340 2534 398 2601 illa
415 2537 546 2610 datum,
565 2537 641 2603 duri
658 2559 743 2624 puer
758 2538 826 2604 oris
843 2548 877 2603 et
892 2539 1008 2603 audax

143 2642 290 2707 constitit
307 2652 385 2708 ante
403 2643 518 2720 deam,
536 2644 690 2731 risitque,
709 2644 914 2732 avidamque
930 2644 1077 2710 vocavit.

141 2749 275 2814 offensa
291 2760 361 2824 est:
386 2771 498 2837 neque
516 2752 631 2817 adhuc
648 2763 748 2837 epota
760 2763 860 2837 parte
877 2752 1074 2838 loquentem

141 2850 366 2942 cum'liquido
384 2856 490 2922 mixta
509 2857 658 2943 perfudit
675 2859 754 2924 diva
772 2858 922 2943 polenta.

140 2962 304 3029 combibit
319 2985 357 3028 os
372 2964 536 3041 maculas,
552 2975 585 3030 et
600 2985 690 3052 quae
704 2964 805 3030 modo
822 2964 984 3029 bracchia
1001 2962 1121 3051 gessit,
1140 2991 1191 3051 455

140 3090 241 3135 crura
258 3069 346 3157 gerit
356 3091 366 3146 ;
392 3071 502 3136 cauda
520 3083 571 3138 est
587 3071 724 3136 mutatis
741 3071 856 3137 addita
874 3070 1056 3136 membris:

139 3177 244 3263 inque
260 3178 398 3242 brevem
415 3177 574 3255 sormam,
592 3200 636 3244 ne
654 3177 696 3244 sit
710 3178 762 3244 vis
780 3199 907 3265 magna
923 3175 1085 3255 nocendi,

139 3283 362 3360 contrahitur,
380 3305 554 3372 parvaque
573 3285 684 3350 minor
701 3306 861 3350 mensura
878 3285 1006 3350 lacerta
1023 3294 1083 3350 est.

139 3388 320 3454 mirantem
336 3389 543 3479 flentemque
561 3402 594 3458 et
609 3404 753 3481 tangere
770 3405 921 3459 monstra
937 3403 1116 3478 parantem

138 3495 227 3583 sugit
244 3515 361 3572 anum,
380 3499 615 3587 latebramque
632 3500 734 3585 petit3
760 3512 944 3588 aptumque
962 3498 1067 3566 colori
1136 3513 1190 3580 460

138 3623 265 3668 nomen
283 3604 397 3680 habet,
416 3605 520 3671 variis
536 3606 689 3671 stellatus
706 3627 848 3692 corpora
865 3607 982 3692 guttis.

186 3706 284 3794 Qas
301 3711 366 3776 dea
383 3733 445 3797 per
461 3722 568 3778 terras
585 3723 618 3776 et
633 3734 719 3799 quas
736 3713 899 3777 erraverit
914 3713 1038 3788 undae,

138 3815 253 3881 dicere
270 3818 374 3905 longa
392 3839 488 3882 mora
505 3828 566 3884 est.
618 3816 808 3902 Quaerenti
825 3818 931 3883 deluit
945 3819 1058 3884 orbis:

137 3921 316 4008 Sicaniam
332 3923 473 4009 repetit;
499 3924 648 4011 dumque
665 3923 781 3990 omnia
797 3925 916 3990 lustrat
932 3925 1059 4003 eundo,
