2752 4350
166 253 311 325 v11,70,]
422 233 492 300 She
515 235 704 302 dr'scourses
727 235 809 300 with
832 235 975 320 herself.
1172 241 1216 320 67
1259 187 1264 196 ·

214 433 281 497 ‘Di
299 433 439 498 meliora
455 432 580 496 velint:
606 453 813 519 quamquam
832 455 899 498 non
918 433 980 497 ista
998 433 1185 517 precanda,

167 540 229 606 sed
246 541 402 605 facienda
422 537 513 602 mihi.
561 538 756 604 Prodamne
774 561 841 626 ego
856 561 965 626 regna
983 535 1147 624 parentis,

167 633 267 732 atque
284 667 348 731 ope
367 645 573 732 nescioquis
591 646 781 709 servabitur
798 648 932 711 advena
951 661 1078 723 nostra,

165 764 203 816 ut
219 774 280 837 per
296 774 351 816 me
368 774 485 837 sospes
503 752 576 815 sine
594 773 647 815 me
664 752 721 817 det
738 753 840 820 lintea
858 754 980 828 venda,
1181 785 1216 837 40

165 860 284 945 virque
300 860 343 923 sit
359 859 510 932 alterius,
529 879 661 944 poenae
679 857 806 924 Medea
823 859 1020 946 relinquar?
1079 889 1083 898 ·

166 965 194 1030 si
211 967 324 1030 facere
342 966 420 1040 hoc,
439 966 586 1030 aliamve
604 976 713 1051 potest
729 987 941 1051 praeponere
959 967 1069 1042 nobiS,

165 1074 299 1137 occidat
314 1072 481 1160 ingratus.
531 1071 602 1137 Sed
619 1094 686 1136 non
704 1072 733 1138 is
750 1074 862 1138 vultus
879 1073 913 1136 in
931 1072 1001 1148 illo,

56 1171 61 1178 ’
165 1201 234 1244 non
252 1200 292 1243 ea
309 1180 466 1244 nobilitas
483 1171 679 1252 animo'est‚
697 1200 738 1244 ea
756 1180 866 1265 gratia
884 1180 1028 1256 formae,

163 1297 201 1349 ut
217 1287 354 1350 timeam
372 1285 526 1349 fraudem
545 1286 722 1372 meritique
739 1287 865 1351 oblivia
883 1287 1000 1352 nostri.
1180 1318 1214 1374 45

165 1405 199 1457 et
215 1393 308 1458 dabit
324 1405 401 1456 ante
418 1392 542 1466 fidem3
568 1413 761 1480 cogamque
778 1393 812 1457 in
831 1393 969 1458 foedera
986 1404 1088 1459 testes

165 1520 241 1564 esse
257 1499 352 1565 deos.
402 1497 498 1583 Quin
514 1511 585 1563 tuta
601 1499 721 1566 timesi
749 1500 946 1587 accingere,
963 1514 996 1564 et
1012 1522 1150 1565 omnem

165 1608 255 1692 pelle
273 1628 424 1671 moram:
449 1607 508 1671 tibi
525 1628 563 1671 se
579 1629 717 1692 semper
733 1608 870 1673 debebit
886 1605 1002 1683 Iason,

164 1723 196 1778 te
213 1713 288 1778 face
305 1713 598 1801 sollemnijunget
614 1713 691 1788 sibi,
712 1735 839 1799 perque
856 1713 1024 1801 Pelasgas

164 1820 331 1886 servatrix
347 1820 450 1884 urbes
467 1833 613 1883 matrum
631 1820 852 1884 ceiebrabere
868 1822 979 1885 turba.
1183 1851 1217 1906 50

211 1937 220 1966 ‘
234 1926 329 2013 Ergo
341 1947 408 2013 ego
421 1948 623 2013 germanam
636 1927 842 2014 fratremque
854 1941 1053 2015 patremque
1065 1928 1216 2015 deosque

164 2044 197 2097 et
213 2034 325 2097 natale
343 2033 467 2106 solum,
486 2033 595 2098 ventis
613 2033 740 2106 ablata,
758 2033 973 2120 relinquam?

163 2160 288 2223 nempe
305 2151 401 2224 pater
418 2154 556 2213 saevus,
574 2161 700 2223 nempe
717 2151 767 2204 est
785 2160 860 2204 mea
877 2140 1023 2205 barbara
1039 2141 1157 2217 tellus.

163 2247 267 2310 frater
283 2247 396 2310 adhuc
412 2245 547 2309 infans:
572 2257 661 2309 stant
679 2267 812 2310 mecum
832 2259 907 2311 vota
925 2247 1069 2320 sororis;

162 2353 335 2416 maximus
352 2352 438 2416 intra
457 2373 511 2416 rne
527 2351 613 2417 deus
630 2363 691 2417 est.
741 2352 821 2418 Non
840 2373 967 2438 magna
984 2354 1195 2440 relinquam3

162 2479 291 2545 magna
307 2479 452 2545 sequar:
478 2458 609 2522 titulum
628 2470 783 2524 servatae
801 2459 901 2543 pubis
917 2458 1087 2535 Achivae,

160 2567 384 2652 notitiamque
401 2565 467 2631 loci
485 2565 647 2640 melioris,
666 2577 699 2630 et
714 2566 854 2650 oppida,
872 2587 1016 2652 quorum

160 2673 217 2737 hic
232 2693 368 2759 quoque
385 2673 477 2736 fama
493 2672 600 2759 viget,
619 2672 797 2758 cultusque
814 2684 969 2759 artesque
986 2674 1159 2748 locorum3

159 2801 330 2866 quemque
347 2801 413 2866 ego
430 2800 507 2844 cum
525 2780 640 2853 rebus,
659 2799 746 2865 quas
762 2791 851 2844 totus
868 2781 1017 2863 possidet
1033 2781 1137 2854 orbis,

158 2884 360 2950 Aesoniden
377 2899 527 2950 mutasse
543 2886 659 2959 velim,
678 2906 746 2971 quo
763 2885 910 2972 conjuge
927 2884 1010 2949 felix
1174 2901 1211 2956 60

158 3006 193 3060 et
210 2996 262 3059 dis
279 3015 359 3059 cara
375 2995 478 3068 ferar,
497 3003 530 3059 et
546 2995 672 3060 vertice
690 2994 801 3061 sidera
819 3006 972 3080 tangam.

207 3113 216 3140 ‘
230 3099 337 3182 Quid,
355 3101 448 3188 quod
463 3101 578 3166 nescio
594 3101 652 3188 qui
670 3102 791 3167 mediis
807 3101 980 3165 incurrere
997 3100 1031 3164 in
1048 3101 1149 3167 undis

158 3207 318 3272 dicuntur
335 3220 478 3283 montes,
496 3209 692 3294 ratibusque
710 3208 848 3274 inimica
866 3205 1065 3294 Charybdis

157 3334 251 3378 nunc
267 3314 404 3379 sorbere
420 3315 556 3390 fretum,
575 3336 668 3380 nunc
684 3316 841 3389 reddere,
861 3314 1040 3401 cinctaque
1058 3315 1170 3380 saevis

158 3419 279 3505 Scylla
295 3441 405 3505 rapax
421 3422 563 3486 canibus
580 3420 698 3486 Siculo
715 3422 839 3486 latrare
857 3420 1073 3523 profundoi·
1172 3437 1205 3509 ⁶3

157 3548 283 3612 nempe
295 3538 415 3591 tenens
425 3528 517 3613 quod
530 3548 620 3601 amo,
637 3528 836 3615 gremioque
849 3529 882 3591 in
897 3526 1030 3593 Iasonis
1045 3529 1204 3604 haerens,

157 3654 219 3719 per
235 3633 319 3698 freta
337 3634 559 3720 longa'ferar'.
608 3633 706 3698 Nrbil
724 3635 819 3698 illum
838 3635 999 3718 amplexa
1014 3634 1179 3710 vereb0r;

157 3751 229 3814 aut,
246 3739 274 3804 si
291 3739 372 3826 quid
390 3753 552 3814 metuam,
571 3753 718 3804 metuam
737 3746 779 3804 de
797 3741 943 3828 conjuge
961 3742 1046 3806 solo.

157 3845 401 3933 conjugiumne
417 3867 533 3920 vocas,
553 3847 775 3932 speciosaque
793 3848 930 3910 nomina
948 3849 1070 3934 culpae

157 3951 320 4038 imponis,
339 3950 480 4029 Medea,
498 3951 600 4017 tuae?
624 3953 705 4039 quin
724 3953 852 4038 aspice,
871 3966 1036 4041 quantum
1175 3985 1207 4038 70
