<?xml version="1.0" encoding="UTF-8"?>
<!DOCTYPE html PUBLIC "-//W3C//DTD XHTML 1.0 Transitional//EN"
    "http://www.w3.org/TR/xhtml1/DTD/xhtml1-transitional.dtd">
<html xmlns="http://www.w3.org/1999/xhtml" xml:lang="en" lang="en">
 <head>
  <title>
</title>
<meta http-equiv="Content-Type" content="text/html;charset=utf-8" />
  <meta name='ocr-system' content='tesseract 3.04.00' />
  <meta name='ocr-capabilities' content='ocr_page ocr_carea ocr_par ocr_line ocrx_word'/>
</head>
<body>
  <div class='ocr_page' id='page_1' title='image "./poemataquaedame00ovidgoog_0133.png"; bbox 0 0 2790 4356; ppageno 0'>
   <div class='ocr_carea' id='block_1_1' title="bbox 165 195 1210 286">
    <p class='ocr_par' dir='ltr' id='par_1_1' title="bbox 165 195 1210 286">
     <span class='ocr_line' id='line_1_1' title="bbox 165 195 1210 286; baseline 0.005 -22"><span class='ocrx_word' id='word_1_1' title='bbox 165 199 227 264; x_wconf 94' lang='lat'>118</span> <span class='ocrx_word' id='word_1_2' title='bbox 358 197 529 285; x_wconf 68' lang='lat' dir='ltr'>Rrbalry</span> <span class='ocrx_word' id='word_1_3' title='bbox 552 199 601 283; x_wconf 89' lang='lat' dir='ltr'>os</span> <span class='ocrx_word' id='word_1_4' title='bbox 612 195 712 286; x_wconf 82' lang='lat' dir='ltr'>Ajax</span> <span class='ocrx_word' id='word_1_5' title='bbox 734 197 809 263; x_wconf 84' lang='lat' dir='ltr'>and</span> <span class='ocrx_word' id='word_1_6' title='bbox 837 195 985 285; x_wconf 82' lang='lat' dir='ltr'>Ulysses.</span> <span class='ocrx_word' id='word_1_7' title='bbox 1066 214 1210 283; x_wconf 73' lang='lat' dir='ltr'>[Marna.</span> 
     </span>
    </p>
   </div>
   <div class='ocr_carea' id='block_1_2' title="bbox 94 376 1209 892">
    <p class='ocr_par' dir='ltr' id='par_1_2' title="bbox 161 376 1005 466">
     <span class='ocr_line' id='line_1_2' title="bbox 161 376 1005 466; baseline -0.001 -24"><span class='ocrx_word' id='word_1_8' title='bbox 161 399 247 466; x_wconf 92' lang='lat' dir='ltr'>quas</span> <span class='ocrx_word' id='word_1_9' title='bbox 264 399 330 466; x_wconf 86' lang='lat' dir='ltr'>ego</span> <span class='ocrx_word' id='word_1_10' title='bbox 347 376 503 453; x_wconf 87' lang='lat' dir='ltr'>sustinui,</span> <span class='ocrx_word' id='word_1_11' title='bbox 521 399 608 465; x_wconf 91' lang='lat' dir='ltr'>quas</span> <span class='ocrx_word' id='word_1_12' title='bbox 625 377 691 441; x_wconf 92' lang='lat' dir='ltr'>hac</span> <span class='ocrx_word' id='word_1_13' title='bbox 708 398 728 442; x_wconf 94' lang='lat' dir='ltr'>a</span> <span class='ocrx_word' id='word_1_14' title='bbox 744 377 856 442; x_wconf 90' lang='lat' dir='ltr'>classe</span> <span class='ocrx_word' id='word_1_15' title='bbox 873 377 1005 464; x_wconf 86' lang='lat' dir='ltr'><strong>fugavi.</strong></span> 
     </span>
    </p>

    <p class='ocr_par' dir='ltr' id='par_1_3' title="bbox 94 485 919 572">
     <span class='ocr_line' id='line_1_3' title="bbox 94 485 919 572; baseline -0.002 -21"><span class='ocrx_word' id='word_1_16' title='bbox 94 490 98 498; x_wconf 87' lang='lat'>&#39;</span> <span class='ocrx_word' id='word_1_17' title='bbox 160 487 263 559; x_wconf 85' lang='lat' dir='ltr'>tutius</span> <span class='ocrx_word' id='word_1_18' title='bbox 280 495 330 551; x_wconf 91' lang='lat' dir='ltr'>est</span> <span class='ocrx_word' id='word_1_19' title='bbox 345 485 449 572; x_wconf 85' lang='lat' dir='ltr'>igitur</span> <span class='ocrx_word' id='word_1_20' title='bbox 465 485 551 550; x_wconf 90' lang='lat' dir='ltr'>fictis</span> <span class='ocrx_word' id='word_1_21' title='bbox 568 485 776 549; x_wconf 85' lang='lat' dir='ltr'>contendere</span> <span class='ocrx_word' id='word_1_22' title='bbox 792 485 919 560; x_wconf 91' lang='lat' dir='ltr'>verbis,</span> 
     </span>
    </p>

    <p class='ocr_par' dir='ltr' id='par_1_4' title="bbox 159 590 1209 892">
     <span class='ocr_line' id='line_1_4' title="bbox 160 590 1209 679; baseline -0.001 -23"><span class='ocrx_word' id='word_1_23' title='bbox 160 614 264 679; x_wconf 90' lang='lat' dir='ltr'>quam</span> <span class='ocrx_word' id='word_1_24' title='bbox 278 613 434 679; x_wconf 83' lang='lat' dir='ltr'>pugnare</span> <span class='ocrx_word' id='word_1_25' title='bbox 449 612 566 655; x_wconf 90' lang='lat' dir='ltr'>manu.</span> <span class='ocrx_word' id='word_1_26' title='bbox 615 590 687 656; x_wconf 88' lang='lat' dir='ltr'>Sed</span> <span class='ocrx_word' id='word_1_27' title='bbox 699 611 765 656; x_wconf 91' lang='lat' dir='ltr'>nec</span> <span class='ocrx_word' id='word_1_28' title='bbox 775 590 858 655; x_wconf 90' lang='lat' dir='ltr'>mihi</span> <span class='ocrx_word' id='word_1_29' title='bbox 871 591 988 656; x_wconf 88' lang='lat' dir='ltr'>dicere</span> <span class='ocrx_word' id='word_1_30' title='bbox 1000 599 1209 677; x_wconf 91' lang='lat' dir='ltr'>promptum,</span> 
     </span>
     <span class='ocr_line' id='line_1_5' title="bbox 160 697 1103 786; baseline 0.001 -24"><span class='ocrx_word' id='word_1_31' title='bbox 160 719 226 764; x_wconf 91' lang='lat' dir='ltr'>nec</span> <span class='ocrx_word' id='word_1_32' title='bbox 241 699 355 764; x_wconf 85' lang='lat' dir='ltr'>facere</span> <span class='ocrx_word' id='word_1_33' title='bbox 372 710 423 763; x_wconf 89' lang='lat' dir='ltr'>est</span> <span class='ocrx_word' id='word_1_34' title='bbox 438 697 512 773; x_wconf 85' lang='lat' dir='ltr'>isti3</span> <span class='ocrx_word' id='word_1_35' title='bbox 538 709 771 786; x_wconf 90' lang='lat' dir='ltr'>quantumque</span> <span class='ocrx_word' id='word_1_36' title='bbox 789 718 856 785; x_wconf 89' lang='lat' dir='ltr'>ego</span> <span class='ocrx_word' id='word_1_37' title='bbox 873 709 981 762; x_wconf 89' lang='lat' dir='ltr'>marte</span> <span class='ocrx_word' id='word_1_38' title='bbox 997 697 1103 763; x_wconf 85' lang='lat' dir='ltr'>feroci</span> 
     </span>
     <span class='ocr_line' id='line_1_6' title="bbox 159 804 1018 892; baseline -0.005 -21"><span class='ocrx_word' id='word_1_39' title='bbox 159 806 263 892; x_wconf 92' lang='lat' dir='ltr'>inque</span> <span class='ocrx_word' id='word_1_40' title='bbox 281 805 354 870; x_wconf 90' lang='lat' dir='ltr'>acie</span> <span class='ocrx_word' id='word_1_41' title='bbox 371 805 483 880; x_wconf 89' lang='lat' dir='ltr'>valeo,</span> <span class='ocrx_word' id='word_1_42' title='bbox 501 816 633 870; x_wconf 88' lang='lat' dir='ltr'>tantum</span> <span class='ocrx_word' id='word_1_43' title='bbox 648 805 741 869; x_wconf 90' lang='lat' dir='ltr'>valet</span> <span class='ocrx_word' id='word_1_44' title='bbox 755 804 818 878; x_wconf 88' lang='lat' dir='ltr'>iste</span> <span class='ocrx_word' id='word_1_45' title='bbox 835 805 1018 891; x_wconf 91' lang='lat' dir='ltr'>loquendo.</span> 
     </span>
    </p>
   </div>
   <div class='ocr_carea' id='block_1_3' title="bbox 160 909 1179 1091">
    <p class='ocr_par' dir='ltr' id='par_1_5' title="bbox 160 909 1179 1091">
     <span class='ocr_line' id='line_1_7' title="bbox 206 909 1179 998; baseline -0.002 -22"><span class='ocrx_word' id='word_1_46' title='bbox 206 910 308 978; x_wconf 87' lang='lat' dir='ltr'>‘Nec</span> <span class='ocrx_word' id='word_1_47' title='bbox 325 912 548 977; x_wconf 89' lang='lat' dir='ltr'>memoranda</span> <span class='ocrx_word' id='word_1_48' title='bbox 564 924 679 976; x_wconf 91' lang='lat' dir='ltr'>tamen</span> <span class='ocrx_word' id='word_1_49' title='bbox 696 911 793 976; x_wconf 91' lang='lat' dir='ltr'>vobis</span> <span class='ocrx_word' id='word_1_50' title='bbox 810 932 887 976; x_wconf 90' lang='lat' dir='ltr'>mea</span> <span class='ocrx_word' id='word_1_51' title='bbox 904 912 1005 987; x_wconf 84' lang='lat' dir='ltr'>lacta,</span> <span class='ocrx_word' id='word_1_52' title='bbox 1025 909 1179 998; x_wconf 88' lang='lat' dir='ltr'>Pelasgi,</span> 
     </span>
     <span class='ocr_line' id='line_1_8' title="bbox 160 1013 991 1091; baseline 0.002 -14"><span class='ocrx_word' id='word_1_53' title='bbox 160 1035 235 1080; x_wconf 85' lang='lat' dir='ltr'>esse</span> <span class='ocrx_word' id='word_1_54' title='bbox 252 1036 342 1091; x_wconf 91' lang='lat' dir='ltr'>reor,</span> <span class='ocrx_word' id='word_1_55' title='bbox 361 1015 491 1080; x_wconf 87' lang='lat' dir='ltr'>vidistis</span> <span class='ocrx_word' id='word_1_56' title='bbox 509 1013 622 1090; x_wconf 82' lang='lat' dir='ltr'>enim:</span> <span class='ocrx_word' id='word_1_57' title='bbox 646 1035 708 1078; x_wconf 91' lang='lat' dir='ltr'>sua</span> <span class='ocrx_word' id='word_1_58' title='bbox 726 1024 840 1078; x_wconf 89' lang='lat' dir='ltr'>narret</span> <span class='ocrx_word' id='word_1_59' title='bbox 855 1013 991 1089; x_wconf 90' lang='lat' dir='ltr'>Ulixes,</span> 
     </span>
    </p>
   </div>
   <div class='ocr_carea' id='block_1_4' title="bbox 87 1121 1248 3977">
    <p class='ocr_par' dir='ltr' id='par_1_6' title="bbox 159 1121 1248 1423">
     <span class='ocr_line' id='line_1_9' title="bbox 159 1121 1248 1210; baseline 0.004 -25"><span class='ocrx_word' id='word_1_60' title='bbox 159 1142 251 1206; x_wconf 89' lang='lat' dir='ltr'>quae</span> <span class='ocrx_word' id='word_1_61' title='bbox 266 1121 339 1186; x_wconf 91' lang='lat' dir='ltr'>sine</span> <span class='ocrx_word' id='word_1_62' title='bbox 356 1132 440 1187; x_wconf 89' lang='lat' dir='ltr'>teste</span> <span class='ocrx_word' id='word_1_63' title='bbox 456 1121 558 1210; x_wconf 87' lang='lat' dir='ltr'>gerit,</span> <span class='ocrx_word' id='word_1_64' title='bbox 576 1141 721 1209; x_wconf 89' lang='lat' dir='ltr'>quorum</span> <span class='ocrx_word' id='word_1_65' title='bbox 738 1142 808 1186; x_wconf 88' lang='lat' dir='ltr'>nox</span> <span class='ocrx_word' id='word_1_66' title='bbox 825 1121 963 1186; x_wconf 89' lang='lat' dir='ltr'>conscia</span> <span class='ocrx_word' id='word_1_67' title='bbox 980 1121 1052 1186; x_wconf 93' lang='lat' dir='ltr'>sola</span> <span class='ocrx_word' id='word_1_68' title='bbox 1070 1129 1132 1184; x_wconf 89' lang='lat' dir='ltr'>est.</span> <span class='ocrx_word' id='word_1_69' title='bbox 1179 1148 1209 1206; x_wconf 78' lang='grc' dir='ltr'>ις</span> <span class='ocrx_word' id='word_1_70' title='bbox 1246 1125 1248 1130; x_wconf 80' lang='grc'><strong>’</strong></span> 
     </span>
     <span class='ocr_line' id='line_1_10' title="bbox 159 1226 1067 1316; baseline 0.001 -26"><span class='ocrx_word' id='word_1_71' title='bbox 159 1228 313 1312; x_wconf 86' lang='lat' dir='ltr'>praemia</span> <span class='ocrx_word' id='word_1_72' title='bbox 331 1249 459 1316; x_wconf 88' lang='lat' dir='ltr'>magna</span> <span class='ocrx_word' id='word_1_73' title='bbox 476 1228 543 1314; x_wconf 89' lang='lat' dir='ltr'>peti</span> <span class='ocrx_word' id='word_1_74' title='bbox 562 1228 681 1302; x_wconf 88' lang='lat' dir='ltr'>fateor,</span> <span class='ocrx_word' id='word_1_75' title='bbox 700 1226 761 1292; x_wconf 89' lang='lat' dir='ltr'>sed</span> <span class='ocrx_word' id='word_1_76' title='bbox 778 1227 884 1293; x_wconf 90' lang='lat' dir='ltr'>demit</span> <span class='ocrx_word' id='word_1_77' title='bbox 900 1229 1067 1294; x_wconf 87' lang='lat' dir='ltr'>honorem</span> 
     </span>
     <span class='ocr_line' id='line_1_11' title="bbox 161 1333 998 1423; baseline 0 -25"><span class='ocrx_word' id='word_1_78' title='bbox 161 1335 337 1400; x_wconf 86' lang='lat' dir='ltr'>aemulus:</span> <span class='ocrx_word' id='word_1_79' title='bbox 362 1334 463 1423; x_wconf 90' lang='lat' dir='ltr'>Ajaci</span> <span class='ocrx_word' id='word_1_80' title='bbox 479 1355 549 1399; x_wconf 91' lang='lat' dir='ltr'>non</span> <span class='ocrx_word' id='word_1_81' title='bbox 566 1345 616 1399; x_wconf 89' lang='lat' dir='ltr'>est</span> <span class='ocrx_word' id='word_1_82' title='bbox 632 1333 782 1399; x_wconf 89' lang='lat' dir='ltr'>tenuisse</span> <span class='ocrx_word' id='word_1_83' title='bbox 799 1335 998 1420; x_wconf 90' lang='lat' dir='ltr'>superbum,</span> 
     </span>
    </p>

    <p class='ocr_par' dir='ltr' id='par_1_7' title="bbox 160 1440 1029 1529">
     <span class='ocr_line' id='line_1_12' title="bbox 160 1440 1029 1529; baseline -0.003 -22"><span class='ocrx_word' id='word_1_84' title='bbox 160 1441 203 1507; x_wconf 83' lang='lat' dir='ltr'>sit</span> <span class='ocrx_word' id='word_1_85' title='bbox 218 1442 298 1507; x_wconf 91' lang='lat' dir='ltr'>licet</span> <span class='ocrx_word' id='word_1_86' title='bbox 313 1443 379 1507; x_wconf 95' lang='lat' dir='ltr'>hoc</span> <span class='ocrx_word' id='word_1_87' title='bbox 395 1442 532 1529; x_wconf 87' lang='lat' dir='ltr'>ingens,</span> <span class='ocrx_word' id='word_1_88' title='bbox 551 1440 713 1528; x_wconf 92' lang='lat' dir='ltr'>quicquid</span> <span class='ocrx_word' id='word_1_89' title='bbox 730 1441 880 1526; x_wconf 90' lang='lat' dir='ltr'>speravit</span> <span class='ocrx_word' id='word_1_90' title='bbox 895 1440 1029 1507; x_wconf 83' lang='lat' dir='ltr'>Ulixes.</span> 
     </span>
    </p>

    <p class='ocr_par' dir='ltr' id='par_1_8' title="bbox 159 1547 1020 1635">
     <span class='ocr_line' id='line_1_13' title="bbox 159 1547 1020 1635; baseline -0.002 -23"><span class='ocrx_word' id='word_1_91' title='bbox 159 1547 222 1613; x_wconf 87' lang='lat' dir='ltr'>iste</span> <span class='ocrx_word' id='word_1_92' title='bbox 238 1549 312 1612; x_wconf 90' lang='lat' dir='ltr'>tulit</span> <span class='ocrx_word' id='word_1_93' title='bbox 328 1549 473 1634; x_wconf 92' lang='lat' dir='ltr'>pretium</span> <span class='ocrx_word' id='word_1_94' title='bbox 486 1547 558 1635; x_wconf 87' lang='lat' dir='ltr'>jam</span> <span class='ocrx_word' id='word_1_95' title='bbox 576 1567 669 1612; x_wconf 90' lang='lat' dir='ltr'>nunc</span> <span class='ocrx_word' id='word_1_96' title='bbox 685 1547 880 1612; x_wconf 87' lang='lat' dir='ltr'>certaminis</span> <span class='ocrx_word' id='word_1_97' title='bbox 898 1547 1020 1635; x_wconf 88' lang='lat' dir='ltr'>hujus:</span> 
     </span>
    </p>

    <p class='ocr_par' dir='ltr' id='par_1_9' title="bbox 159 1653 1213 1742">
     <span class='ocr_line' id='line_1_14' title="bbox 159 1653 1213 1742; baseline -0.003 -21"><span class='ocrx_word' id='word_1_98' title='bbox 159 1676 228 1742; x_wconf 92' lang='lat' dir='ltr'>quo</span> <span class='ocrx_word' id='word_1_99' title='bbox 245 1676 323 1720; x_wconf 93' lang='lat' dir='ltr'>cum</span> <span class='ocrx_word' id='word_1_100' title='bbox 340 1655 449 1720; x_wconf 89' lang='lat' dir='ltr'>victus</span> <span class='ocrx_word' id='word_1_101' title='bbox 466 1653 541 1728; x_wconf 88' lang='lat' dir='ltr'>erit,</span> <span class='ocrx_word' id='word_1_102' title='bbox 559 1674 695 1718; x_wconf 88' lang='lat' dir='ltr'>mecum</span> <span class='ocrx_word' id='word_1_103' title='bbox 712 1665 861 1720; x_wconf 86' lang='lat' dir='ltr'>certasse</span> <span class='ocrx_word' id='word_1_104' title='bbox 878 1655 1016 1719; x_wconf 82' lang='lat' dir='ltr'>leretur.</span> <span class='ocrx_word' id='word_1_105' title='bbox 1177 1685 1213 1726; x_wconf 83' lang='lat'>20</span> 
     </span>
    </p>

    <p class='ocr_par' dir='ltr' id='par_1_10' title="bbox 206 1759 1113 1848">
     <span class='ocr_line' id='line_1_15' title="bbox 206 1759 1113 1848; baseline 0.006 -23"><span class='ocrx_word' id='word_1_106' title='bbox 206 1760 346 1848; x_wconf 88' lang='lat' dir='ltr'>‘Atque</span> <span class='ocrx_word' id='word_1_107' title='bbox 364 1782 443 1848; x_wconf 87' lang='lat' dir='ltr'>ego,</span> <span class='ocrx_word' id='word_1_108' title='bbox 461 1760 489 1825; x_wconf 91' lang='lat' dir='ltr'>si</span> <span class='ocrx_word' id='word_1_109' title='bbox 506 1759 613 1824; x_wconf 88' lang='lat' dir='ltr'>virtus</span> <span class='ocrx_word' id='word_1_110' title='bbox 629 1760 663 1824; x_wconf 90' lang='lat' dir='ltr'>in</span> <span class='ocrx_word' id='word_1_111' title='bbox 681 1782 735 1826; x_wconf 90' lang='lat' dir='ltr'>me</span> <span class='ocrx_word' id='word_1_112' title='bbox 752 1761 946 1826; x_wconf 91' lang='lat' dir='ltr'>dubitabilis</span> <span class='ocrx_word' id='word_1_113' title='bbox 964 1769 1066 1839; x_wconf 85' lang='lat' dir='ltr'>esset,</span> <span class='ocrx_word' id='word_1_114' title='bbox 1107 1819 1113 1830; x_wconf 91' lang='lat'>.</span> 
     </span>
    </p>

    <p class='ocr_par' dir='ltr' id='par_1_11' title="bbox 160 1866 989 1952">
     <span class='ocr_line' id='line_1_16' title="bbox 160 1866 989 1952; baseline 0.001 -21"><span class='ocrx_word' id='word_1_115' title='bbox 160 1867 335 1932; x_wconf 85' lang='lat' dir='ltr'>nobilitate</span> <span class='ocrx_word' id='word_1_116' title='bbox 353 1879 472 1952; x_wconf 92' lang='lat' dir='ltr'>potens</span> <span class='ocrx_word' id='word_1_117' title='bbox 489 1887 615 1941; x_wconf 91' lang='lat' dir='ltr'>essem,</span> <span class='ocrx_word' id='word_1_118' title='bbox 632 1866 824 1933; x_wconf 86' lang='lat' dir='ltr'>Telamone</span> <span class='ocrx_word' id='word_1_119' title='bbox 841 1879 989 1943; x_wconf 89' lang='lat' dir='ltr'>creatus,</span> 
     </span>
    </p>

    <p class='ocr_par' dir='ltr' id='par_1_12' title="bbox 87 1972 1004 2062">
     <span class='ocr_line' id='line_1_17' title="bbox 87 1972 1004 2062; baseline 0.001 -24"><span class='ocrx_word' id='word_1_120' title='bbox 87 2039 95 2050; x_wconf 77' lang='grc'>,</span> <span class='ocrx_word' id='word_1_121' title='bbox 160 1975 296 2040; x_wconf 92' lang='lat' dir='ltr'>moenia</span> <span class='ocrx_word' id='word_1_122' title='bbox 313 1975 370 2062; x_wconf 92' lang='lat' dir='ltr'>qui</span> <span class='ocrx_word' id='word_1_123' title='bbox 387 1974 463 2039; x_wconf 87' lang='lat' dir='ltr'>forti</span> <span class='ocrx_word' id='word_1_124' title='bbox 480 1972 633 2062; x_wconf 90' lang='lat' dir='ltr'>Trojana</span> <span class='ocrx_word' id='word_1_125' title='bbox 650 1976 714 2039; x_wconf 93' lang='lat' dir='ltr'>sub</span> <span class='ocrx_word' id='word_1_126' title='bbox 731 1973 884 2040; x_wconf 90' lang='lat' dir='ltr'>Hercule</span> <span class='ocrx_word' id='word_1_127' title='bbox 901 1974 1004 2060; x_wconf 90' lang='lat' dir='ltr'>cepit,</span> 
     </span>
    </p>

    <p class='ocr_par' dir='ltr' id='par_1_13' title="bbox 160 2078 974 2168">
     <span class='ocr_line' id='line_1_18' title="bbox 160 2078 974 2168; baseline -0.001 -23"><span class='ocrx_word' id='word_1_128' title='bbox 160 2081 326 2168; x_wconf 85' lang='lat' dir='ltr'>litoraque</span> <span class='ocrx_word' id='word_1_129' title='bbox 343 2081 479 2146; x_wconf 89' lang='lat' dir='ltr'>intravit</span> <span class='ocrx_word' id='word_1_130' title='bbox 494 2078 675 2168; x_wconf 86' lang='lat' dir='ltr'>Pagasaea</span> <span class='ocrx_word' id='word_1_131' title='bbox 693 2079 826 2147; x_wconf 91' lang='lat' dir='ltr'>Colcha</span> <span class='ocrx_word' id='word_1_132' title='bbox 843 2081 974 2146; x_wconf 87' lang='lat' dir='ltr'>carina.</span> 
     </span>
    </p>

    <p class='ocr_par' dir='ltr' id='par_1_14' title="bbox 160 2185 1212 2488">
     <span class='ocr_line' id='line_1_19' title="bbox 160 2185 1212 2275; baseline 0.005 -23"><span class='ocrx_word' id='word_1_133' title='bbox 160 2185 300 2253; x_wconf 88' lang='lat' dir='ltr'>Aeacus</span> <span class='ocrx_word' id='word_1_134' title='bbox 316 2187 397 2253; x_wconf 93' lang='lat' dir='ltr'>huic</span> <span class='ocrx_word' id='word_1_135' title='bbox 414 2199 510 2273; x_wconf 92' lang='lat' dir='ltr'>pater</span> <span class='ocrx_word' id='word_1_136' title='bbox 527 2198 588 2263; x_wconf 88' lang='lat' dir='ltr'>est,</span> <span class='ocrx_word' id='word_1_137' title='bbox 607 2187 665 2274; x_wconf 90' lang='lat' dir='ltr'>qui</span> <span class='ocrx_word' id='word_1_138' title='bbox 684 2188 761 2275; x_wconf 91' lang='lat' dir='ltr'>jura</span> <span class='ocrx_word' id='word_1_139' title='bbox 779 2188 955 2254; x_wconf 89' lang='lat' dir='ltr'>silentibus</span> <span class='ocrx_word' id='word_1_140' title='bbox 971 2187 1043 2253; x_wconf 90' lang='lat' dir='ltr'>illic</span> <span class='ocrx_word' id='word_1_141' title='bbox 1178 2216 1212 2274; x_wconf 81' lang='lat'>²5</span> 
     </span>
     <span class='ocr_line' id='line_1_20' title="bbox 160 2292 1159 2382; baseline -0.001 -22"><span class='ocrx_word' id='word_1_142' title='bbox 160 2295 283 2372; x_wconf 87' lang='lat' dir='ltr'>reddit,</span> <span class='ocrx_word' id='word_1_143' title='bbox 301 2295 360 2361; x_wconf 92' lang='lat' dir='ltr'>ubi</span> <span class='ocrx_word' id='word_1_144' title='bbox 376 2292 547 2360; x_wconf 87' lang='lat' dir='ltr'>Aeoliden</span> <span class='ocrx_word' id='word_1_145' title='bbox 564 2315 685 2359; x_wconf 90' lang='lat' dir='ltr'>saxum</span> <span class='ocrx_word' id='word_1_146' title='bbox 704 2315 811 2382; x_wconf 89' lang='lat' dir='ltr'>grave</span> <span class='ocrx_word' id='word_1_147' title='bbox 827 2293 1005 2381; x_wconf 88' lang='lat' dir='ltr'>Sisyphon</span> <span class='ocrx_word' id='word_1_148' title='bbox 1021 2304 1159 2382; x_wconf 80' lang='lat' dir='ltr'>urguet.</span> 
     </span>
     <span class='ocr_line' id='line_1_21' title="bbox 160 2400 1023 2488; baseline -0.003 -21"><span class='ocrx_word' id='word_1_149' title='bbox 160 2401 304 2468; x_wconf 87' lang='lat' dir='ltr'>Aeacon</span> <span class='ocrx_word' id='word_1_150' title='bbox 322 2401 478 2488; x_wconf 87' lang='lat' dir='ltr'>agnoseit</span> <span class='ocrx_word' id='word_1_151' title='bbox 495 2423 661 2476; x_wconf 90' lang='lat' dir='ltr'>summus,</span> <span class='ocrx_word' id='word_1_152' title='bbox 681 2402 880 2487; x_wconf 86' lang='lat' dir='ltr'>prolemque</span> <span class='ocrx_word' id='word_1_153' title='bbox 899 2400 1023 2465; x_wconf 82' lang='lat' dir='ltr'>fatetur</span> 
     </span>
    </p>

    <p class='ocr_par' dir='ltr' id='par_1_15' title="bbox 156 2506 1054 2596">
     <span class='ocr_line' id='line_1_22' title="bbox 156 2506 1054 2596; baseline 0 -24"><span class='ocrx_word' id='word_1_154' title='bbox 156 2507 314 2596; x_wconf 88' lang='lat' dir='ltr'>Juppiter</span> <span class='ocrx_word' id='word_1_155' title='bbox 330 2529 405 2573; x_wconf 90' lang='lat' dir='ltr'>esse</span> <span class='ocrx_word' id='word_1_156' title='bbox 422 2529 534 2572; x_wconf 85' lang='lat' dir='ltr'>suam.</span> <span class='ocrx_word' id='word_1_157' title='bbox 581 2506 642 2572; x_wconf 89' lang='lat' dir='ltr'>Sic</span> <span class='ocrx_word' id='word_1_158' title='bbox 659 2508 701 2573; x_wconf 90' lang='lat' dir='ltr'>ab</span> <span class='ocrx_word' id='word_1_159' title='bbox 713 2507 800 2593; x_wconf 90' lang='lat' dir='ltr'>Jove</span> <span class='ocrx_word' id='word_1_160' title='bbox 816 2507 933 2573; x_wconf 89' lang='lat' dir='ltr'>tertius</span> <span class='ocrx_word' id='word_1_161' title='bbox 949 2507 1054 2596; x_wconf 79' lang='lat' dir='ltr'>Ajax.</span> 
     </span>
    </p>

    <p class='ocr_par' dir='ltr' id='par_1_16' title="bbox 160 2613 1105 2700">
     <span class='ocr_line' id='line_1_23' title="bbox 160 2613 1105 2700; baseline 0 -22"><span class='ocrx_word' id='word_1_162' title='bbox 160 2635 226 2679; x_wconf 91' lang='lat' dir='ltr'>nec</span> <span class='ocrx_word' id='word_1_163' title='bbox 242 2625 356 2678; x_wconf 91' lang='lat' dir='ltr'>tamen</span> <span class='ocrx_word' id='word_1_164' title='bbox 373 2614 461 2679; x_wconf 90' lang='lat' dir='ltr'>haec</span> <span class='ocrx_word' id='word_1_165' title='bbox 476 2613 585 2681; x_wconf 89' lang='lat' dir='ltr'>series</span> <span class='ocrx_word' id='word_1_166' title='bbox 602 2613 637 2677; x_wconf 94' lang='lat' dir='ltr'>in</span> <span class='ocrx_word' id='word_1_167' title='bbox 654 2634 794 2678; x_wconf 90' lang='lat' dir='ltr'>causam</span> <span class='ocrx_word' id='word_1_168' title='bbox 811 2615 929 2700; x_wconf 89' lang='lat' dir='ltr'>prosit,</span> <span class='ocrx_word' id='word_1_169' title='bbox 947 2613 1105 2691; x_wconf 80' lang='lat' dir='ltr'>Achivi,¹</span> 
     </span>
    </p>

    <p class='ocr_par' dir='ltr' id='par_1_17' title="bbox 161 2720 1213 3023">
     <span class='ocr_line' id='line_1_24' title="bbox 161 2720 1213 2809; baseline 0 -22"><span class='ocrx_word' id='word_1_170' title='bbox 161 2721 190 2787; x_wconf 92' lang='lat' dir='ltr'>si</span> <span class='ocrx_word' id='word_1_171' title='bbox 207 2720 290 2785; x_wconf 89' lang='lat' dir='ltr'>mihi</span> <span class='ocrx_word' id='word_1_172' title='bbox 307 2742 385 2786; x_wconf 89' lang='lat' dir='ltr'>cum</span> <span class='ocrx_word' id='word_1_173' title='bbox 403 2743 531 2809; x_wconf 84' lang='lat' dir='ltr'>magno</span> <span class='ocrx_word' id='word_1_174' title='bbox 548 2741 616 2787; x_wconf 90' lang='lat' dir='ltr'>non</span> <span class='ocrx_word' id='word_1_175' title='bbox 634 2732 684 2786; x_wconf 90' lang='lat' dir='ltr'>est</span> <span class='ocrx_word' id='word_1_176' title='bbox 700 2721 893 2786; x_wconf 89' lang='lat' dir='ltr'>communis</span> <span class='ocrx_word' id='word_1_177' title='bbox 908 2720 1059 2787; x_wconf 89' lang='lat' dir='ltr'>Achille.</span> <span class='ocrx_word' id='word_1_178' title='bbox 1178 2754 1213 2809; x_wconf 82' lang='lat'>30</span> 
     </span>
     <span class='ocr_line' id='line_1_25' title="bbox 161 2826 1116 2916; baseline 0.003 -23"><span class='ocrx_word' id='word_1_179' title='bbox 161 2829 264 2894; x_wconf 85' lang='lat' dir='ltr'>frater</span> <span class='ocrx_word' id='word_1_180' title='bbox 280 2839 372 2894; x_wconf 90' lang='lat' dir='ltr'>erat:</span> <span class='ocrx_word' id='word_1_181' title='bbox 398 2829 546 2893; x_wconf 80' lang='lat' dir='ltr'>fraterna</span> <span class='ocrx_word' id='word_1_182' title='bbox 564 2839 654 2915; x_wconf 89' lang='lat' dir='ltr'>peto.</span> <span class='ocrx_word' id='word_1_183' title='bbox 705 2826 800 2910; x_wconf 75' lang='lat' dir='ltr'>Qud</span> <span class='ocrx_word' id='word_1_184' title='bbox 817 2828 988 2916; x_wconf 85' lang='lat' dir='ltr'>sanguine</span> <span class='ocrx_word' id='word_1_185' title='bbox 1005 2840 1116 2896; x_wconf 89' lang='lat' dir='ltr'>cretus</span> 
     </span>
     <span class='ocr_line' id='line_1_26' title="bbox 161 2934 997 3023; baseline -0.001 -22"><span class='ocrx_word' id='word_1_186' title='bbox 161 2934 339 3023; x_wconf 84' lang='lat' dir='ltr'>Sisyphio,</span> <span class='ocrx_word' id='word_1_187' title='bbox 357 2935 520 3022; x_wconf 85' lang='lat' dir='ltr'>furtisque</span> <span class='ocrx_word' id='word_1_188' title='bbox 537 2947 570 3000; x_wconf 93' lang='lat' dir='ltr'>et</span> <span class='ocrx_word' id='word_1_189' title='bbox 586 2935 706 3001; x_wconf 84' lang='lat' dir='ltr'>fraude</span> <span class='ocrx_word' id='word_1_190' title='bbox 724 2934 917 3000; x_wconf 87' lang='lat' dir='ltr'>simillimus</span> <span class='ocrx_word' id='word_1_191' title='bbox 933 2935 997 3014; x_wconf 92' lang='lat' dir='ltr'>illi,</span> 
     </span>
    </p>

    <p class='ocr_par' dir='ltr' id='par_1_18' title="bbox 160 3040 917 3130">
     <span class='ocr_line' id='line_1_27' title="bbox 160 3040 917 3130; baseline 0 -23"><span class='ocrx_word' id='word_1_192' title='bbox 160 3043 278 3108; x_wconf 90' lang='lat' dir='ltr'>inserit</span> <span class='ocrx_word' id='word_1_193' title='bbox 293 3041 456 3107; x_wconf 89' lang='lat' dir='ltr'>Aeacidis</span> <span class='ocrx_word' id='word_1_194' title='bbox 474 3042 606 3108; x_wconf 84' lang='lat' dir='ltr'>alienae</span> <span class='ocrx_word' id='word_1_195' title='bbox 624 3042 765 3108; x_wconf 91' lang='lat' dir='ltr'>nomina</span> <span class='ocrx_word' id='word_1_196' title='bbox 782 3040 917 3130; x_wconf 87' lang='lat' dir='ltr'>gentis?</span> 
     </span>
    </p>

    <p class='ocr_par' dir='ltr' id='par_1_19' title="bbox 159 3147 1212 3977">
     <span class='ocr_line' id='line_1_28' title="bbox 207 3147 1179 3237; baseline 0.001 -24"><span class='ocrx_word' id='word_1_197' title='bbox 207 3147 287 3213; x_wconf 86' lang='lat' dir='ltr'>‘An</span> <span class='ocrx_word' id='word_1_198' title='bbox 304 3150 395 3234; x_wconf 93' lang='lat' dir='ltr'>quod</span> <span class='ocrx_word' id='word_1_199' title='bbox 411 3149 446 3212; x_wconf 92' lang='lat' dir='ltr'>in</span> <span class='ocrx_word' id='word_1_200' title='bbox 464 3170 558 3212; x_wconf 90' lang='lat' dir='ltr'>arma</span> <span class='ocrx_word' id='word_1_201' title='bbox 575 3149 679 3234; x_wconf 91' lang='lat' dir='ltr'>prior,</span> <span class='ocrx_word' id='word_1_202' title='bbox 698 3150 860 3237; x_wconf 90' lang='lat' dir='ltr'>nulloque</span> <span class='ocrx_word' id='word_1_203' title='bbox 878 3149 941 3215; x_wconf 90' lang='lat' dir='ltr'>sub</span> <span class='ocrx_word' id='word_1_204' title='bbox 957 3148 1071 3215; x_wconf 88' lang='lat' dir='ltr'>indice</span> <span class='ocrx_word' id='word_1_205' title='bbox 1087 3149 1179 3227; x_wconf 91' lang='lat' dir='ltr'>veni,</span> 
     </span>
     <span class='ocr_line' id='line_1_29' title="bbox 161 3253 1211 3344; baseline 0.002 -24"><span class='ocrx_word' id='word_1_206' title='bbox 161 3277 257 3320; x_wconf 89' lang='lat' dir='ltr'>arma</span> <span class='ocrx_word' id='word_1_207' title='bbox 274 3255 435 3342; x_wconf 86' lang='lat' dir='ltr'>neganda</span> <span class='ocrx_word' id='word_1_208' title='bbox 454 3253 558 3318; x_wconf 89' lang='lat' dir='ltr'>mihi?</span> <span class='ocrx_word' id='word_1_209' title='bbox 582 3257 759 3344; x_wconf 90' lang='lat' dir='ltr'>potiorque</span> <span class='ocrx_word' id='word_1_210' title='bbox 775 3255 946 3322; x_wconf 90' lang='lat' dir='ltr'>videbitur</span> <span class='ocrx_word' id='word_1_211' title='bbox 962 3255 1033 3332; x_wconf 92' lang='lat' dir='ltr'>ille,</span> <span class='ocrx_word' id='word_1_212' title='bbox 1177 3286 1211 3343; x_wconf 79' lang='lat'>35</span> 
     </span>
     <span class='ocr_line' id='line_1_30' title="bbox 159 3360 889 3449; baseline 0.003 -22"><span class='ocrx_word' id='word_1_213' title='bbox 159 3362 280 3427; x_wconf 89' lang='lat' dir='ltr'>ultima</span> <span class='ocrx_word' id='word_1_214' title='bbox 296 3361 354 3448; x_wconf 90' lang='lat' dir='ltr'>qui</span> <span class='ocrx_word' id='word_1_215' title='bbox 371 3360 472 3446; x_wconf 91' lang='lat' dir='ltr'>cepit,</span> <span class='ocrx_word' id='word_1_216' title='bbox 491 3361 756 3449; x_wconf 88' lang='lat' dir='ltr'>detrectavitque</span> <span class='ocrx_word' id='word_1_217' title='bbox 775 3365 889 3430; x_wconf 82' lang='lat' dir='ltr'>surore</span> 
     </span>
     <span class='ocr_line' id='line_1_31' title="bbox 160 3468 829 3546; baseline 0.004 -14"><span class='ocrx_word' id='word_1_218' title='bbox 160 3469 316 3534; x_wconf 91' lang='lat' dir='ltr'>militiam</span> <span class='ocrx_word' id='word_1_219' title='bbox 332 3468 423 3542; x_wconf 92' lang='lat' dir='ltr'>ficto,</span> <span class='ocrx_word' id='word_1_220' title='bbox 443 3468 552 3532; x_wconf 93' lang='lat' dir='ltr'>donec</span> <span class='ocrx_word' id='word_1_221' title='bbox 569 3468 736 3533; x_wconf 89' lang='lat' dir='ltr'>sollertior</span> <span class='ocrx_word' id='word_1_222' title='bbox 751 3469 829 3546; x_wconf 83' lang='lat' dir='ltr'>istc,</span> 
     </span>
     <span class='ocr_line' id='line_1_32' title="bbox 160 3573 952 3650; baseline 0.006 -11"><span class='ocrx_word' id='word_1_223' title='bbox 160 3577 221 3640; x_wconf 90' lang='lat' dir='ltr'>sed</span> <span class='ocrx_word' id='word_1_224' title='bbox 238 3575 300 3640; x_wconf 90' lang='lat' dir='ltr'>sibi</span> <span class='ocrx_word' id='word_1_225' title='bbox 317 3575 479 3650; x_wconf 92' lang='lat' dir='ltr'>inutilior,</span> <span class='ocrx_word' id='word_1_226' title='bbox 496 3573 605 3640; x_wconf 88' lang='lat' dir='ltr'>timidi</span> <span class='ocrx_word' id='word_1_227' title='bbox 621 3588 814 3642; x_wconf 91' lang='lat' dir='ltr'>commenta</span> <span class='ocrx_word' id='word_1_228' title='bbox 830 3577 952 3644; x_wconf 88' lang='lat' dir='ltr'>retexit</span> 
     </span>
     <span class='ocr_line' id='line_1_33' title="bbox 160 3679 1008 3767; baseline 0.005 -21"><span class='ocrx_word' id='word_1_229' title='bbox 160 3679 375 3765; x_wconf 86' lang='lat' dir='ltr'>Naupliades</span> <span class='ocrx_word' id='word_1_230' title='bbox 392 3680 511 3756; x_wconf 90' lang='lat' dir='ltr'>animi,</span> <span class='ocrx_word' id='word_1_231' title='bbox 529 3681 701 3767; x_wconf 87' lang='lat' dir='ltr'>vitataque</span> <span class='ocrx_word' id='word_1_232' title='bbox 717 3684 821 3748; x_wconf 88' lang='lat' dir='ltr'>traxit</span> <span class='ocrx_word' id='word_1_233' title='bbox 836 3684 870 3748; x_wconf 93' lang='lat' dir='ltr'>in</span> <span class='ocrx_word' id='word_1_234' title='bbox 889 3683 1008 3750; x_wconf 87' lang='lat' dir='ltr'>arma?</span> 
     </span>
     <span class='ocr_line' id='line_1_34' title="bbox 160 3786 1212 3876; baseline 0.005 -24"><span class='ocrx_word' id='word_1_235' title='bbox 160 3786 287 3870; x_wconf 86' lang='lat' dir='ltr'>optima</span> <span class='ocrx_word' id='word_1_236' title='bbox 303 3808 385 3850; x_wconf 90' lang='lat' dir='ltr'>num</span> <span class='ocrx_word' id='word_1_237' title='bbox 403 3797 526 3861; x_wconf 87' lang='lat' dir='ltr'>sumat,</span> <span class='ocrx_word' id='word_1_238' title='bbox 544 3787 624 3872; x_wconf 91' lang='lat' dir='ltr'>quia</span> <span class='ocrx_word' id='word_1_239' title='bbox 640 3809 775 3853; x_wconf 91' lang='lat' dir='ltr'>sumere</span> <span class='ocrx_word' id='word_1_240' title='bbox 791 3790 899 3855; x_wconf 92' lang='lat' dir='ltr'>noluit</span> <span class='ocrx_word' id='word_1_241' title='bbox 915 3788 1009 3856; x_wconf 82' lang='lat' dir='ltr'>ulla?</span> <span class='ocrx_word' id='word_1_242' title='bbox 1175 3822 1212 3876; x_wconf 88' lang='lat'>40</span> 
     </span>
     <span class='ocr_line' id='line_1_35' title="bbox 161 3891 925 3977; baseline 0.005 -21"><span class='ocrx_word' id='word_1_243' title='bbox 161 3913 223 3956; x_wconf 89' lang='lat' dir='ltr'>nos</span> <span class='ocrx_word' id='word_1_244' title='bbox 240 3891 432 3956; x_wconf 90' lang='lat' dir='ltr'>inhonorati</span> <span class='ocrx_word' id='word_1_245' title='bbox 449 3902 482 3956; x_wconf 91' lang='lat' dir='ltr'>et</span> <span class='ocrx_word' id='word_1_246' title='bbox 497 3892 595 3957; x_wconf 90' lang='lat' dir='ltr'>donis</span> <span class='ocrx_word' id='word_1_247' title='bbox 612 3894 822 3977; x_wconf 89' lang='lat' dir='ltr'>patruelibus</span> <span class='ocrx_word' id='word_1_248' title='bbox 838 3897 925 3972; x_wconf 91' lang='lat' dir='ltr'>orbi,</span> 
     </span>
    </p>
   </div>
   <div class='ocr_carea' id='block_1_5' title="bbox 0 0 1400 4356">
    <p class='ocr_par' dir='ltr' id='par_1_20' title="bbox 0 0 1400 4356">
     <span class='ocr_line' id='line_1_36' title="bbox 0 0 1400 4356; baseline 0 0"><span class='ocrx_word' id='word_1_249' title='bbox 0 0 1400 4356; x_wconf 95' lang='lat' dir='ltr'> </span> 
     </span>
    </p>
   </div>
  </div>
 </body>
</html>
