2790 4356
12 4005 14 4119 l

176 293 234 350 111.
255 257 367 368 ωε]
462 277 594 344 Wrizter
617 276 744 345 Scenes
766 282 803 346 in
835 280 981 348 Thrace.
1167 298 1230 370 177

315 492 348 557 3.
385 473 516 540 Wbter
539 473 665 541 Scenes
689 477 725 540 in
756 475 892 543 Thrace
920 477 986 566 (iii.
1009 478 1087 569 10).

175 685 368 832 SIQJIS
385 686 591 755 adhucistic
608 689 762 754 meminit
777 688 929 758 Nasonis
947 693 1115 781 adempti,
1223 729 1226 733 ·

277 794 321 859 Et
337 806 491 880 superest
506 795 579 860 sine
596 816 652 860 me
668 817 794 861 nomen
811 796 846 861 in
863 797 959 865 Urbe
978 823 1107 881 meum,

175 899 397 987 Suppositum
414 901 519 967 stellis
536 923 723 988 numquam
741 905 962 992 tangentibus
982 929 1111 996 aequor

219 1007 280 1073 Me
297 1007 382 1074 sciat
397 1006 432 1072 in
450 1007 564 1074 media
580 1008 696 1075 vivere
713 1011 888 1078 barbarie.

174 1113 400 1183 Sauromatae
417 1116 573 1204 cingunt,
592 1116 664 1182 fera
681 1139 781 1206 gens,
803 1117 972 1210 Bessique
990 1122 1182 1211 Getaeque,
1213 1155 1228 1212 ς

221 1221 335 1307 Quam
353 1245 421 1289 non
438 1223 578 1311 ingenio
596 1225 735 1290 nomina
754 1227 861 1315 digna
881 1250 958 1294 meo
971 1227 990 1294 l'

174 1329 267 1396 Dum
283 1328 399 1396 tamen
415 1352 498 1396 aura
515 1341 619 1417 tepet,
638 1332 752 1398 medio
770 1334 987 1401 defendimur
1004 1335 1145 1402 Histro:

220 1439 282 1505 Ille
299 1439 368 1505 suis
385 1439 533 1527 liquidus
551 1440 642 1505 bella
660 1441 794 1526 repellit
812 1442 924 1528 aquis.

172 1545 222 1614 At
238 1567 316 1613 cum
333 1547 435 1612 tristis
451 1546 586 1632 hiemps
603 1548 794 1634 squalentia
811 1549 949 1634 protulit
964 1570 1037 1627 ora,

219 1654 397 1742 Terraque
415 1675 607 1720 marmoreo
624 1655 773 1720 candida
790 1656 880 1722 facta
896 1658 978 1745 gelu
993 1669 1058 1733 est,

175 1761 268 1829 Dum
284 1774 376 1829 vetat
390 1774 423 1828 et
439 1759 569 1827 Boreas
586 1772 619 1827 et
635 1762 696 1826 nix
713 1763 868 1828 habitare
885 1765 949 1830 sub
966 1761 1087 1840 Arcto,

219 1870 313 1936 Tum
327 1870 446 1957 liquet,
465 1870 528 1934 has
546 1880 667 1957 gentes
684 1890 750 1934 axe
766 1880 933 1936 tremente
950 1851 1074 1957 premi.
1152 1941 1163 1960 ,

175 1975 248 2043 Nix
261 1978 364 2067 jacet,
383 1987 416 2042 et
432 1976 581 2064 glaciem
598 1996 663 2040 nec
678 1977 729 2041 sol
747 1976 929 2062 pluviaeve
946 1977 1137 2054 resolvunt,

221 2084 363 2150 indurat
379 2081 509 2149 Boreas
525 2093 795 2169 perpetuamque
812 2083 915 2158 facit;

176 2189 271 2279 Ergo
287 2190 345 2255 ubi
362 2172 501 2256 delicuit
517 2190 670 2253 nondum
686 2190 792 2275 prior,
811 2191 918 2255 altera
935 2188 1042 2266 venit,

222 2297 266 2363 Et
281 2298 366 2363 solet
381 2297 415 2360 in
433 2296 547 2361 multis
562 2295 656 2360 bima
675 2317 814 2360 manere
830 2295 927 2362 locis.

176 2403 358 2491 Tantaque
374 2401 534 2469 commoti
550 2402 602 2467 vis
617 2412 669 2468 est
685 2401 881 2489 Aquilonis,
901 2413 939 2468 ut
956 2404 1043 2468 altas

222 2510 359 2598 Aequet
374 2511 479 2576 humo
495 2520 604 2574 turres
621 2519 777 2596 tectaque
794 2521 891 2596 rapta
910 2510 1009 2575 ferat.

176 2616 330 2685 Pellibus
346 2628 379 2683 et
394 2616 477 2681 sutis
495 2625 612 2680 arcent
628 2616 720 2680 mala
737 2615 867 2704 frigora
881 2617 1032 2694 braccis,

222 2723 362 2811 Oraque
378 2723 421 2790 de
437 2733 505 2788 toto
522 2741 665 2807 corpore
682 2722 755 2787 sola
773 2734 900 2807 patent.

179 2830 294 2918 Saepe
309 2841 432 2898 sonant
448 2828 529 2894 moti
546 2827 659 2916 glacie
676 2829 847 2913 pendente
864 2830 994 2916 capilli,

204 2992 208 2998 .
224 2937 268 3004 Et
283 2937 365 3003 nitet
380 2936 519 3018 inducto
535 2935 684 3002 candida
700 2935 808 3000 barba
825 2936 921 3021 gelu.

178 3046 353 3133 Nudaque
369 3043 569 3117 consistunt,
588 3042 734 3107 formam
752 3041 923 3106 servantia
939 3052 1060 3134 testae,

223 3154 329 3229 Vina,
348 3172 414 3217 nec
429 3152 551 3216 hausta
570 3146 668 3224 meri,
687 3148 747 3214 sed
764 3148 844 3213 data
860 3148 967 3213 frusta
982 3147 1116 3217 bibunt.

180 3260 276 3346 Qrid
292 3262 425 3349 loquar,
442 3269 479 3324 ut
494 3256 598 3322 vincti
616 3266 840 3322 concrescant
856 3255 983 3343 frigore
999 3255 1078 3333 rivi,

225 3369 347 3456 Deque
363 3369 441 3433 lacu
457 3365 600 3454 fragiles
617 3362 823 3429 effodiantur
840 3361 974 3449 aquae?

179 3476 272 3564 Ipse,
290 3474 485 3562 papyrifero
502 3473 559 3561 qui
576 3493 644 3538 non
662 3471 839 3560 angustior
855 3490 957 3536 amne

225 3585 392 3650 Miscetur
407 3594 503 3648 vasto
520 3580 626 3645 multa
643 3599 780 3665 perora
797 3578 895 3653 freto,

180 3690 369 3759 Caeruleos
385 3689 494 3754 ventis
511 3686 630 3753 latices
647 3685 862 3760 durantibus,
884 3683 1002 3750 Hister

225 3795 410 3884 congelat,
429 3805 462 3860 et
477 3794 573 3860 tectis
589 3792 625 3857 in
643 3813 737 3858 mare
755 3791 860 3877 serpit
876 3792 987 3879 aquis.

183 3903 331 3990 Quaque
347 3912 437 3967 rates
454 3900 575 3974 ierant,
593 3899 737 3984 pedibus
755 3919 847 3964 nunc
863 3898 941 3975 itur,
960 3908 993 3965 et
1007 3898 1120 3966 undas

226 4009 370 4098 Frigore
386 4016 565 4074 concretas
581 4005 714 4094 ungula
730 4005 844 4091 pulsat
861 4004 961 4093 equi;
