2790 4356
197 260 283 333 ‚150
484 244 521 312 Τ
513 245 556 310 he
578 244 784 332 Apotheosis
805 243 854 328 of
872 240 1003 307 Caesar.
1121 257 1265 332 [Marna.

216 443 308 531 quod
325 444 368 508 de
384 442 562 508 Dardanio
579 442 689 507 solum
707 439 790 504 mihi
807 448 911 503 restat
927 437 1014 503 Iulo.

217 551 335 615 solane
351 571 487 635 semper
503 570 563 614 ero
575 547 675 637 justis
692 546 842 612 exercita
859 542 972 609 curis?

216 677 321 743 quam
339 656 440 720 modo
455 655 616 742 Tydidae
634 651 829 740 Calydonia
845 651 1000 716 vulneret
1017 652 1128 727 hasta,

217 781 310 826 nunc
326 761 415 825 male
432 761 594 826 defensae
611 759 823 825 confundant
839 759 974 822 moenia
990 756 1139 845 Trojae;
1213 788 1266 843 770

217 887 305 952 quae
322 867 457 931 videam
475 877 593 931 natum
610 864 724 952 longis
741 863 911 928 erroribus
927 874 1041 927 actum

213 973 405 1061 jactarique
421 973 506 1037 freto
523 973 690 1058 sedesque
707 970 832 1034 intrare
849 969 1020 1046 silentum,

217 1081 376 1166 bellaque
393 1101 471 1144 cum
488 1078 607 1143 Turno
623 1098 758 1164 gerere,
777 1086 847 1151 aut,
866 1076 895 1141 si
911 1097 993 1141 vera
1010 1077 1170 1154 fatemur,

218 1207 295 1251 cum
309 1185 446 1272 Junone
463 1182 598 1272 magis?
645 1181 740 1267 Qid
757 1203 849 1248 nunc
865 1183 1004 1270 antiqua
1020 1185 1182 1251 recordor

172 1305 175 1313 ’
219 1293 345 1358 damna
363 1292 429 1356 mei
446 1289 607 1384 generis?
651 1289 774 1355 Timor
790 1291 846 1355 hic
863 1291 1060 1373 meminisse
1076 1292 1229 1378 priorum

218 1421 287 1464 non
304 1399 403 1464 sinit:
428 1398 463 1462 iu
480 1418 535 1462 me
552 1396 629 1462 acui
646 1396 830 1462 sceleratos
847 1397 984 1462 cernitis
1000 1420 1113 1464 enses.

219 1526 304 1592 quos
321 1504 512 1591 prohibete,
531 1524 664 1588 precor,
684 1503 884 1591 facinusque
901 1504 1076 1590 repellitei
1100 1527 1188 1572 neve

219 1613 326 1678 caede
342 1611 528 1676 sacerdotis
545 1609 702 1675 flammas
720 1610 926 1698 exstinguite
942 1611 1095 1678 Vestae)

262 1719 365 1783 Talia
382 1716 590 1804 nequiquam
607 1726 676 1783 toto
691 1715 811 1782 Venus
828 1717 934 1782 anxia
949 1720 1046 1785 caelo

217 1826 323 1892 verba
332 1825 428 1913 jacit,
440 1844 650 1910 superosque
663 1835 794 1898 movet;
811 1825 871 1912 qui
884 1847 1043 1911 rumpere
1055 1847 1266 1915 quamquam

219 1933 328 1999 ferrea
345 1954 414 1998 non
430 1941 574 2018 possunt
589 1942 740 1996 veterum
758 1931 895 1996 decreta
911 1954 1079 2010 sororum,

218 2040 319 2128 signa
335 2050 451 2105 tamen
467 2039 579 2104 luctus
595 2039 678 2103 dant
693 2037 784 2103 haud
801 2038 930 2104 incerta
946 2039 1062 2106 futuri.

220 2168 315 2212 arma
331 2148 443 2212 ferunt
458 2146 546 2211 inter
561 2145 679 2233 nigras
696 2145 896 2230 crepitantia
912 2148 1021 2213 nubes

218 2255 452 2341 terribilesque
468 2253 580 2329 tubas,
600 2252 783 2340 auditaque
801 2273 930 2318 cornua
945 2255 1043 2320 caelo

219 2362 475 2445 praemonuisse
492 2360 601 2424 nefas.
651 2358 743 2425 Solis
759 2381 894 2448 quoque
910 2361 1013 2427 tristis
1029 2362 1146 2452 imago
1215 2379 1267 2451 785

218 2467 329 2531 lurida
346 2466 498 2531 sollicitis
515 2467 701 2552 praebebat
718 2467 847 2532 lumina
863 2467 972 2534 terris.

218 2595 322 2661 saepe
338 2575 432 2639 faces
449 2573 543 2638 visae
561 2571 683 2638 mediis
700 2575 820 2640 ardere
836 2575 899 2640 sub
917 2575 1035 2652 astris3

218 2701 321 2766 saepe
338 2680 424 2744 inter
439 2680 574 2745 nimbos
591 2691 707 2765 guttae
724 2681 879 2747 cecidere
895 2695 1069 2750 cruentae.

218 2788 376 2854 caerulus
393 2799 426 2852 et
441 2788 573 2852 vultum
591 2787 765 2874 ferrugine
782 2786 923 2854 Lucifer
940 2801 1012 2856 atra

218 2917 357 2981 sparsus
374 2905 457 2971 erat,
476 2894 586 2981 sparsi
603 2895 741 2960 lunares
758 2895 928 2983 sanguine
945 2917 1076 2964 currus.
1216 2927 1272 2988 790

216 3002 324 3067 tristia
341 3002 433 3066 mille
450 3002 534 3067 locis
551 3001 695 3089 Stygius
711 3002 805 3067 dedit
821 3003 936 3068 omina
952 3004 1064 3080 bub03

217 3109 311 3173 mille
327 3108 411 3173 locis
427 3108 619 3173 lacrimavit
635 3109 730 3183 ebur,
750 3119 938 3196 cantusque
955 3109 1110 3177 seruntur

218 3214 323 3280 auditi
340 3215 466 3280 sanctis
482 3227 516 3280 et
531 3216 636 3282 verba
654 3216 817 3281 minantia
835 3217 933 3283 lucis.

216 3322 355 3388 victima
372 3322 466 3386 nulla
482 3321 566 3398 litat,
586 3343 799 3409 magnosque
816 3323 943 3391 instare
958 3328 1122 3395 tumultus

217 3429 303 3495 fibra
320 3439 447 3505 monet,
466 3449 672 3516 caesumque
690 3441 793 3516 caput
808 3432 974 3517 reperitur
990 3434 1025 3498 in
1041 3436 1150 3513 extis3
1215 3465 1269 3528 795

217 3535 321 3622 inque
338 3536 411 3600 foro
428 3535 626 3622 circumque
644 3537 763 3603 domos
780 3548 813 3604 et
829 3542 957 3628 templa
974 3541 1117 3609 deorum

217 3653 400 3706 nocturnos
417 3642 567 3707 ululasse
585 3663 702 3718 canes,
721 3645 929 3734 umbrasque
946 3650 1105 3715 silentum

217 3745 384 3811 erravisse
401 3745 525 3824 ferunt,
544 3760 738 3835 motamque
755 3755 959 3821 tremoribus
975 3756 1108 3822 urbem.

263 3847 344 3914 Non
360 3862 474 3916 tamen
491 3852 633 3919 insidias
649 3868 861 3943 venturaque
877 3860 1015 3926 vincere
1032 3862 1103 3929 fata

217 3955 449 4041 praemonitus
464 3968 604 4043 potuere
621 3960 745 4036 deum;
770 3962 943 4052 strictique
960 3966 1114 4038 feruntur
1215 3991 1270 4048 800
