2790 4356
204 242 268 312 128
426 240 581 330 Rzaalry
604 241 652 328 of
665 240 765 332 Ajax
787 241 861 310 and
889 238 1037 328 Ulysses.
1111 254 1253 330 [Murnu.

201 462 290 529 quae
307 439 372 506 nisi
389 425 561 516 fecissem,
579 439 703 505 frustra
719 440 911 506 Telamone
927 447 1063 506 creatus

202 558 371 635 gestasset
386 547 485 612 laeva
501 558 677 612 taurorum
693 557 831 634 tergora
848 557 992 632 septem.

201 653 261 717 illa
278 663 378 719 nocte
395 652 479 718 mihi
494 652 623 740 Trojae
638 652 782 719 victoria
798 663 895 738 parta
911 663 983 717 est:

201 759 377 848 Pergama
391 770 474 826 tunc
488 759 569 836 vici,
588 780 667 824 cum
682 758 774 824 vinci
792 781 892 845 posse
909 759 1030 847 coegi.¹

248 874 258 905 ⁴
275 863 405 930 Desine
421 863 585 951 Tydiden
601 863 765 950 vultuque
781 875 814 928 et
831 884 1004 930 murmure
1020 861 1120 930 nobis
1202 895 1254 952 350
1271 853 1275 860 ⁴

201 981 372 1036 ostentare
390 992 527 1036 meum:
550 992 631 1057 pars
647 983 698 1036 est
714 991 777 1037 sua
793 970 906 1038 laudis
921 970 956 1036 in
972 970 1044 1036 illo.

201 1099 267 1143 nec
283 1089 331 1153 tu,
350 1098 429 1143 cum
446 1077 539 1144 socia
556 1077 705 1163 clipeum
721 1098 783 1163 pro
800 1077 911 1143 classe
927 1077 1081 1152 tenebas,

201 1185 295 1250 solus
313 1205 411 1250 eras:
434 1184 495 1249 tibi
512 1185 611 1249 turba
627 1205 757 1260 comes,
776 1183 860 1249 mihi
877 1182 1018 1270 contigit
1033 1205 1124 1250 unus
1134 1205 1144 1260 ς

201 1290 260 1378 qui
277 1291 342 1356 nisi
359 1311 556 1378 pugnacem
573 1290 675 1356 sciret
690 1289 843 1376 sapiente
860 1289 1028 1356 minorem

202 1419 291 1472 esse,
310 1419 375 1463 nec
391 1397 578 1464 indomitae
594 1396 712 1462 deberi
729 1395 884 1482 praemia
900 1396 1055 1472 dextrae,
1201 1425 1253 1481 355

201 1503 275 1589 ipse
292 1524 428 1591 quoque
444 1503 532 1568 haec
548 1513 697 1588 peteret,
723 1512 853 1587 peteret
868 1501 1075 1568 moderatior
1089 1498 1198 1590 Ajax,

202 1609 473 1697 Eurypylusque
490 1610 600 1686 ferox,
619 1610 782 1695 claroque
798 1605 1044 1675 Andraemone
1060 1619 1181 1683 natus;

201 1737 267 1782 nec
284 1718 398 1782 minus
414 1715 634 1792 Idomeneus,
654 1715 832 1802 patriaque
848 1725 983 1782 oreatus
999 1714 1122 1782 eadem

202 1821 400 1900 Meriones;
425 1833 556 1910 peteret
571 1821 711 1910 majoris
728 1821 832 1888 frater
846 1818 1012 1888 Atridaer

200 1930 328 2016 quippe
345 1930 582 2007 manufortes,
600 1951 666 1998 nec
682 1941 762 1995 sunt
778 1928 861 1996 mihi
878 1940 986 1996 marte
1002 1927 1157 2006 secundi,
1200 1942 1256 2016 360

202 2036 352 2102 consiliis
369 2057 505 2103 cessere
522 2035 621 2103 meis.
669 2035 751 2103 Tibi
767 2036 909 2102 dextera
925 2037 1017 2104 bello

200 2141 313 2208 utilisz
336 2142 516 2232 ingenium
532 2155 595 2220 est,
614 2143 709 2230 quod
726 2155 805 2231 eget
820 2144 1056 2210 moderamine
1072 2153 1198 2212 nostro.

201 2258 237 2313 tu
254 2248 344 2315 vires
360 2250 434 2316 sine
450 2262 564 2316 mente
580 2249 695 2338 geris:
720 2249 805 2315 mihi
822 2271 905 2316 cura
922 2251 1037 2316 futuri.

201 2365 238 2421 tu
254 2376 409 2443 pugnare
426 2368 543 2442 potes:
568 2356 750 2446 pugnandi
766 2367 920 2443 tempora
937 2377 1073 2424 mecum

202 2462 299 2550 eligit
313 2461 464 2529 Atrides.
511 2462 570 2528 Tu
586 2473 718 2529 tantum
735 2483 878 2549 corpore
895 2465 1041 2550 prodes:
1201 2480 1252 2552 3⁶5

202 2590 265 2633 nos
281 2568 407 2634 animo.
457 2567 665 2657 Qantoque
681 2581 790 2636 ratem
807 2570 865 2657 qui
881 2581 1061 2657 temperat,
1080 2569 1185 2638 anteit

201 2675 344 2762 remigis
359 2674 523 2752 officium,
540 2688 667 2762 quanto
684 2677 756 2742 dux
772 2677 878 2744 milite
895 2678 1017 2767 major,

127 2827 128 2832 η
201 2791 332 2846 tantum
350 2802 416 2869 ego
433 2791 465 2846 te
481 2802 618 2868 supero.
667 2782 746 2850 Nec
762 2805 831 2850 non
847 2783 883 2848 in
899 2805 1043 2870 corpore
1058 2795 1174 2852 nostro

201 2898 341 2973 pectora
355 2898 434 2954 sunt
449 2888 581 2975 potiora
598 2910 723 2956 manu:
746 2889 847 2979 vigor
863 2890 976 2957 omnis
992 2891 1027 2956 in
1044 2891 1122 2958 illis.

248 2992 321 3060 ‘At
336 3016 409 3070 vos,
427 2994 461 3061 O
477 3016 648 3081 proceres,
665 2996 764 3087 vigili
781 2998 860 3064 date
877 2999 1031 3085 praemia
1046 3011 1180 3090 vestros
1200 3029 1253 3088 370

202 3120 332 3186 proque
348 3111 397 3166 tot
412 3122 579 3167 annorum
596 3123 691 3181 cura,
709 3105 834 3192 quibus
851 3105 976 3173 anxius
993 3105 1064 3195 egi,
1198 3101 1199 3106 ¹

201 3207 295 3270 hunc
310 3206 442 3272 titulum
460 3209 588 3276 meritis
603 3212 821 3297 pensandum
837 3214 970 3280 reddite
985 3213 1119 3281 nostris.

198 3312 270 3402 jam
286 3312 383 3379 labor
398 3313 434 3378 in
449 3314 517 3380 fine
534 3328 605 3383 est:
630 3318 802 3385 obstantia
817 3319 888 3384 sata
903 3319 1047 3398 removi,

201 3419 338 3506 altaque
353 3441 455 3506 posse
471 3423 549 3508 capi
567 3423 725 3489 faciendo
741 3424 928 3513 Pergama,
946 3425 1036 3512 cepi.

200 3546 262 3611 per
278 3547 357 3612 spes
373 3548 466 3594 nunc
483 3530 608 3605 socias,
627 3550 820 3617 casuraque
836 3532 972 3598 moenia
987 3533 1133 3610 Troum,
1199 3563 1250 3620 375

200 3651 328 3717 perque
345 3633 427 3700 deos
444 3657 517 3711 oro,
535 3657 621 3722 quos
637 3635 725 3701 hosti
742 3657 852 3722 nuper
867 3638 994 3715 ademi,

200 3757 262 3821 per
277 3737 390 3824 siquid
406 3751 574 3827 superest,
593 3742 685 3828 quod
701 3741 744 3806 sit
760 3743 933 3828 sapienter
949 3745 1138 3832 agendum,
1148 3781 1196 3794 -

200 3839 229 3905 si
245 3841 327 3926 quid
344 3845 458 3911 adhuc
474 3847 602 3920 audax,
621 3867 665 3911 ex
681 3847 928 3935 praecipitique
946 3850 1130 3935 petendum
1147 3861 1211 3927 est,

200 3945 229 4012 si
245 3943 372 4035 Trojae
389 3948 466 4016 fatis
483 3950 611 4038 aliquid
628 3963 756 4017 restare
772 3955 910 4038 putatis,
922 3992 967 4008 --
