2752 4350
169 253 239 307 v11.
265 251 336 324 144]
469 234 578 324 Jason
593 239 712 326 suffils
735 236 788 302 la's
819 205 931 300 Ταεὲ.1

158 432 348 517 ¹aeripedes
363 433 465 509 tauri,
482 445 660 522 tactaeque
677 433 861 519 vaporibus
878 432 1006 497 herbae
1038 433 1042 440 “
1168 462 1216 519 ¹05

169 540 301 604 ardent.
349 540 464 627 thue
481 543 590 606 solent
608 541 699 627 pleni
717 559 878 604 resonare
896 538 1035 616 camini,

168 657 228 710 aut
242 647 300 711 ubi
316 658 450 712 terrena
468 647 580 714 silices
597 648 736 713 fornace
753 645 853 712 soluti

167 753 363 839 concipiunt
378 754 495 841 ignem
513 754 717 840 liquidarum
735 753 919 840 aspargine
936 773 1125 840 aquarum:
1224 736 1226 738 ¹

166 872 305 946 pectora
322 859 371 926 sic
387 861 477 926 intus
494 861 629 926 clausas
644 860 816 925 volventia
833 859 991 924 flammas

166 978 370 1055 gutturaque
386 979 462 1032 usta
479 979 613 1032 sonant.
662 967 799 1031 Tamen
817 965 883 1031 illis
899 964 1038 1032 Aesone
1055 976 1156 1033 natus

165 1074 285 1139 obvius
301 1073 345 1138 it:
370 1086 501 1139 vertere
517 1085 630 1139 truces
645 1073 812 1138 venientis
829 1073 873 1137 ad
890 1094 949 1138 ora

164 1178 332 1243 terribiles
348 1178 464 1266 vultus
477 1178 699 1263 praefixaque
717 1197 846 1242 cornua
863 1176 965 1251 ferro,

164 1286 432 1372 pulvereumque
449 1285 559 1351 solum
577 1285 664 1370 pede
681 1284 861 1369 pulsavere
878 1283 1022 1360 bisulco,

164 1392 391 1478 fumificisque
408 1394 521 1457 locum
539 1390 727 1479 mugitibus
744 1391 984 1475 impleverunt.

152 1501 157 1510 “
209 1497 400 1586 Deriguere
419 1510 509 1563 metu
527 1497 683 1585 Minyae.
734 1495 834 1562 Subit
850 1497 920 1572 ille,
939 1518 1004 1562 nec
1020 1497 1119 1585 ignes
1165 1527 1213 1583 115

163 1605 264 1671 sentit
281 1605 470 1680 anhelatos,
482 1616 667 1668 -tanturn
686 1603 914 1668 medicamina
932 1615 1085 1689 possunt,
1097 1639 1142 1652 -

162 1712 380 1798 pendulaque
398 1710 520 1776 audaci
538 1712 664 1774 mulcet
680 1709 831 1795 palearia
850 1710 985 1786 dextra,

162 1818 421 1906 subpositosque
434 1817 520 1906 jugo
537 1817 671 1903 pondus
687 1837 794 1904 grave
812 1817 904 1904 cogit
922 1816 1024 1881 aratri

162 1926 300 2000 ducere,
319 1937 351 1990 et
367 1925 536 1990 insuetum
554 1925 643 1989 serro
660 1922 881 2009 proscindere
899 1944 1074 2009 campum.

161 2030 326 2096 mirantur
342 2029 484 2098 Colchi:
510 2030 654 2118 Minyae
673 2031 880 2096 clamoribus
898 2043 1040 2118 augent,
1162 2064 1213 2105 120

161 2139 378 2228 adiciuntque
396 2140 539 2205 animos.
589 2138 700 2206 Galea
716 2151 786 2204 tum
804 2138 907 2204 sumit
923 2145 1010 2204 ae'na

159 2246 316 2331 vipereos
331 2247 464 2323 dentes,
483 2258 516 2312 et
532 2259 644 2312 aratos
662 2247 794 2334 spargit
809 2247 844 2310 in
861 2267 977 2333 agros,

159 2354 292 2420 semina
309 2356 416 2422 mollit
433 2357 557 2421 humus
574 2356 689 2421 valido
707 2355 893 2442 praetincta
910 2377 1057 2434 veneno,

159 2472 192 2526 et
209 2475 377 2537 crescunt,
396 2463 547 2550 fiuntque
565 2462 627 2528 sati
645 2483 733 2527 nova
750 2483 894 2548 corpora
911 2463 1042 2529 dentes.

51 2631 55 2640 ,
142 2629 148 2638 ,
205 2566 303 2651 Quos
319 2569 377 2634 ubi
394 2571 550 2635 viderunt
567 2583 772 2656 praeacutae
790 2570 940 2656 cuspidis
957 2572 1073 2638 hastas
1155 2607 1203 2664 ¹31

157 2673 194 2738 in
211 2687 313 2760 caput
331 2655 512 2742 Haemonii
526 2677 662 2763 juvenis
678 2689 834 2764 torquere
852 2688 1026 2762 parantes,

157 2781 326 2847 demisere
343 2795 435 2848 metu
452 2784 650 2871 vultumque
668 2783 889 2871 animumque
906 2783 1057 2872 Pelasgi.

157 2887 233 2972 ipsa
249 2910 384 2977 quoque
402 2891 568 2966 extimuit,
586 2911 675 2978 quae
692 2901 799 2954 tutum
819 2891 946 2955 fecerat
962 2891 1078 2956 illum:

57 3005 59 3010 '
156 3007 262 3082 utque
276 2997 345 3082 peti
362 2997 446 3062 vidit
457 2997 619 3085 juvenem
636 3007 684 3062 tot
702 2998 745 3061 ab
764 2997 915 3062 hostibus
932 3018 1053 3072 unum,
1158 3029 1206 3085 ¹35

156 3102 289 3186 palluit,
308 3112 341 3168 et
357 3104 467 3169 subito
484 3103 557 3168 sine
574 3103 742 3190 sanguine
760 3101 885 3191 frigida
902 3103 1007 3176 sedit,

156 3228 244 3273 neve
261 3231 380 3295 parurn
398 3211 535 3276 valeant
552 3231 571 3273 a
589 3231 625 3275 se
642 3211 722 3274 data
740 3210 911 3297 gramina,
931 3230 1071 3276 carmen

156 3315 324 3381 auxiliare
341 3317 443 3393 canit,
462 3328 678 3404 secretasque
695 3318 840 3382 advocat
856 3328 957 3382 artes.
1044 3341 1046 3348 ’

155 3420 228 3496 ille,
246 3445 388 3510 gravem
405 3424 535 3490 medios
552 3424 682 3489 silicem
696 3424 867 3511 jaculatus
884 3424 918 3488 in
936 3424 1063 3500 hostes,

156 3549 176 3592 a
194 3550 231 3594 se
248 3531 429 3616 depulsum
447 3530 596 3595 Martem
613 3529 779 3595 convertit
795 3529 830 3594 in
847 3529 951 3616 ipsos.
1156 3559 1206 3613 140

155 3636 349 3724 terrigenae
366 3650 510 3723 pereunt
527 3658 587 3722 per
605 3648 720 3700 mutua
737 3636 881 3701 vulnera
897 3637 1030 3712 fratres,

155 3741 315 3830 civilique
332 3744 460 3809 cadunt
476 3743 559 3808 acie.
606 3741 792 3808 Gratantur
808 3741 947 3818 Achivi,

153 3851 387 3938 victoremque
403 3860 532 3926 tenent,
551 3850 727 3936 avidisque
745 3850 962 3935 amplexibus
979 3850 1133 3916 haerent.

201 3955 258 4020 Tu
274 3979 409 4046 quoque
426 3957 588 4022 victorem
605 3956 799 4042 complecti,
819 3956 979 4034 barbara,
997 3958 1125 4023 velles:
