2752 4350
182 233 227 317 56
451 233 523 298 Tre
557 232 774 319 Wunderr'ng
792 235 840 317 of
859 233 975 297 Ceres.
1089 250 1234 322 [Maru.

228 426 393 501 Dixerat3
419 438 454 492 at
470 425 589 494 Cereri
606 438 735 493 certum
753 437 804 492 est
820 425 967 492 educere
984 438 1122 492 natamr

182 534 314 600 nonita
332 533 401 597 lata
418 533 546 608 sinunt,
564 534 727 619 quoniam
741 533 872 620 jejunia
888 533 988 619 virgo

184 643 344 716 solverat,
363 651 397 705 et
413 639 511 704 cultis
529 640 612 704 dum
629 639 777 725 simplex
795 649 886 703 errat
901 639 937 702 in
955 639 1074 716 hortis,
1184 669 1235 727 535
1270 655 1283 672 ‘

183 749 385 835 poeniceum
403 766 508 812 curva
526 746 744 830 decerpserat
761 746 882 811 arbore
899 766 1054 830 pomum,

183 867 386 943 sumptaque
403 852 544 939 pallenti
562 863 693 937 septem
711 852 754 916 de
772 852 897 917 cortice
914 871 1025 938 grana

182 973 354 1048 presserat
369 983 427 1027 ore
444 982 520 1026 suo.
569 958 740 1045 Solusque
757 979 802 1022 ex
817 958 976 1024 omnibus
992 958 1078 1024 illud

92 1094 98 1104 ·
181 1068 401 1154 Ascalaphus
417 1067 512 1146 vidit,
528 1088 629 1154 quem
646 1064 820 1152 quondam
837 1051 959 1129 dicitur
975 1063 1133 1150 Orphne,

182 1176 270 1240 inter
285 1173 477 1240 Avernales
495 1174 586 1239 haud
603 1171 818 1260 ignotissima
835 1171 1021 1257 nymphas,
1183 1201 1237 1258 540

183 1304 227 1347 ex
243 1280 441 1347 Acheronte
457 1303 519 1347 suo
536 1281 630 1346 silvis
648 1277 823 1365 peperisse
841 1278 904 1342 sub
922 1278 1024 1342 atris:

181 1388 279 1465 vidit,
297 1400 329 1454 et
344 1388 471 1454 indicio
487 1389 632 1454 reditum
649 1385 798 1452 crudelis
815 1385 954 1449 ademit.

181 1495 350 1583 ingemuit
365 1495 486 1584 regina
503 1494 620 1570 Erebi,
638 1504 826 1578 testemque
843 1491 1024 1575 profanam

182 1602 261 1665 secit
278 1622 389 1676 avem,
408 1621 632 1688 sparsumque
649 1611 752 1687 caput
770 1596 1058 1685 Phlegethontide
1075 1598 1220 1685 lympha

181 1708 217 1772 in
235 1718 378 1772 rostrum
396 1719 428 1772 et
443 1708 579 1793 plumas
596 1719 629 1772 et
644 1707 790 1795 grandia
807 1704 938 1770 lumina
954 1704 1065 1769 vertit.
1182 1734 1234 1792 545

156 1863 158 1872 t
180 1811 239 1875 ille
257 1812 320 1876 sibi
337 1812 469 1876 ablatus
486 1812 587 1877 fulvis
605 1811 762 1877 amicitur
778 1811 822 1874 ab
839 1809 915 1884 alis,

180 1917 284 2004 inque
301 1928 404 2003 caput
419 1918 553 1994 crescit,
571 1919 763 2006 longosque
781 1916 963 1992 reflectitur
980 1936 1131 2002 ungues,

179 2023 308 2110 vixque
327 2036 437 2089 movet
454 2015 552 2089 nasas
569 2045 631 2110 per
647 2025 768 2090 inertia
785 2024 948 2089 bracchia
966 2045 1119 2109 pennas:

180 2130 350 2217 foedaque
366 2131 403 2194 fit
419 2130 580 2207 volucris,
598 2131 732 2196 venturi
750 2131 868 2195 nuntia
884 2132 1008 2207 luctuS,

180 2237 329 2326 ignavus
344 2238 449 2313 bub0‚
469 2238 580 2303 dirum
597 2239 796 2304 mortalibus
813 2260 927 2304 omen.
1183 2270 1235 2329 550

228 2344 297 2410 Hic
311 2357 426 2410 tamen
443 2344 569 2411 indicio
585 2366 732 2430 poenam
749 2346 936 2434 linguaque
952 2345 1061 2413 videri

181 2452 425 2517 commeruisse
441 2461 562 2537 potest.
612 2451 735 2527 Vobis,
754 2451 979 2534 AcheloideS,
996 2458 1089 2524 unde

181 2557 298 2644 pluma
314 2558 486 2644 pedesque
504 2557 632 2632 avium,
651 2579 730 2624 curn
748 2559 891 2647 virginis
908 2583 968 2627 ora
987 2561 1137 2650 geratis?

182 2684 225 2728 an
242 2663 335 2749 quia,
354 2685 432 2728 cum
449 2664 580 2750 legeret
595 2686 719 2730 vernos
736 2663 943 2752 Proserpina
959 2668 1074 2746 flores,

180 2770 215 2834 in
233 2770 394 2835 comitum
411 2791 566 2847 numero,
585 2773 706 2837 doctae
723 2771 877 2850 Sirenes,
896 2776 1021 2842 eratis?

180 2898 283 2963 quam
300 2887 480 2963 postquam
496 2887 564 2943 toto
580 2877 703 2944 frustra
720 2882 900 2967 quaesistis
917 2883 952 2947 in
969 2884 1064 2959 orbe,

180 2985 334 3068 protinus
350 2995 387 3048 ut
402 2996 550 3048 vestram
568 2985 731 3052 sentirent
749 3010 899 3075 aequora
917 3010 1049 3064 curam,

180 3111 281 3175 posse
297 3086 537 3174 superductus
554 3092 686 3157 alarum
702 3094 857 3160 insistere
873 3096 976 3161 remis

180 3196 332 3281 optastis,
351 3196 537 3284 facilesque
554 3201 637 3268 deos
653 3204 829 3281 habuistis,
848 3216 881 3271 et
897 3216 990 3271 artus

179 3302 311 3370 vidistis
326 3315 456 3369 vestros
472 3306 591 3373 subitis
607 3308 794 3378 flavescere
811 3312 944 3398 permis.
1181 3327 1234 3399 5⁶0

181 3431 224 3474 ne
241 3420 355 3475 tamen
371 3411 429 3478 ille
446 3437 552 3482 canor
569 3420 770 3485 mulcendas
787 3431 886 3484 natus
904 3419 948 3484 ad
965 3438 1066 3485 aures

180 3528 341 3605 tantaque
358 3521 504 3590 dosoris
521 3525 661 3612 linguae
679 3525 881 3610 deperderet
897 3547 1012 3602 usum,

181 3624 327 3710 virginei
342 3630 456 3695 vultus
473 3641 506 3696 et
520 3653 589 3696 vox
606 3632 758 3696 humana
774 3631 950 3697 remansit.

226 3729 273 3795 At
290 3735 421 3800 medius
439 3729 617 3822 fratrisque
634 3737 686 3802 sui
704 3748 922 3825 maestaeque
939 3737 1066 3806 sororis
1166 3813 1176 3828 ,

177 3837 335 3925 Juppiter
351 3861 395 3904 ex
412 3862 521 3927 aequo
536 3843 730 3907 volventem
747 3842 867 3908 dividit
883 3865 1025 3908 annum.

182 3965 274 4010 nunc
290 3945 367 4020 dea,
386 3966 571 4033 regnorum
589 3968 717 4012 numen
735 3968 917 4014 commune
934 3950 1095 4027 duorum,
