2752 4350
180 225 224 314 58
479 226 551 293 tae
580 226 665 294 Tale
687 228 736 312 as
747 223 938 294 Arethusa.
1088 240 1229 314 [Merme

179 423 266 488 sicut
282 444 390 498 eram,
409 422 505 510 fugio
521 423 595 489 sine
609 423 782 488 vestibus:
806 424 913 487 altera
929 431 1041 487 vestes

178 531 253 614 ripa
271 551 366 593 meas
383 531 521 593 habuit:
547 541 640 594 tanto
657 529 769 616 magis
785 529 900 603 instat,
919 538 952 592 et
967 529 1076 594 ardet.

179 637 229 700 sic
245 657 311 723 ego
327 637 520 710 currebam,
539 636 590 700 sic
607 656 660 700 me
677 635 769 704 serus
785 636 843 698 ille
860 636 1050 719 premebat,

177 754 215 806 ut
231 743 350 828 sugere
367 741 565 826 accipitrem
582 762 696 826 penna
713 740 905 826 trepidante
924 743 1118 822 columbae,
1175 763 1228 832 ⁶05

177 861 215 913 ut
229 850 315 912 solet
331 849 493 933 accipiter
507 847 659 932 trepidas
674 867 824 934 urguere
841 848 1031 916 columbas.

175 975 285 1040 usque
303 955 366 1020 sub
383 953 641 1028 Orchomenon,
661 953 920 1041 Psophidaque,
938 955 1192 1046 Cyllenenque,

178 1060 438 1148 Maenaliosque
455 1062 563 1136 sinus,
583 1060 806 1148 gelidumque
822 1061 1074 1150 Erymanthon,
1093 1077 1126 1130 et
1146 1065 1227 1130 Elin

176 1189 313 1233 currere
330 1167 494 1242 sustinui3
519 1187 585 1231 nec
602 1187 657 1230 me
673 1168 825 1233 velocior
840 1164 910 1234 ill‘e.

223 1274 318 1340 ‘Sed
335 1277 480 1341 tolerare
497 1276 555 1340 diu
572 1295 693 1340 cursus
710 1297 790 1364 ego,
808 1277 936 1342 viribus
953 1277 1077 1363 impar,
1173 1297 1227 1350 610

175 1405 244 1448 non
261 1396 436 1469 poteram:
461 1383 557 1470 longi
574 1383 708 1468 patiens
724 1395 797 1448 erat
813 1384 870 1449 ille
887 1384 1022 1450 laboris.

174 1511 237 1576 per
252 1503 367 1554 tamen
384 1501 417 1555 et
433 1511 587 1574 campos,
606 1512 668 1575 per
683 1502 819 1576 opertos
836 1493 957 1556 arbore
974 1503 1120 1569 monteS,

175 1619 260 1661 saxa
277 1618 413 1684 quoque
430 1607 463 1662 et
479 1619 582 1682 rupes
599 1609 716 1685 etqua
732 1597 788 1662 via
805 1599 914 1673 nulla,
933 1599 1079 1663 cucurri.

174 1706 225 1769 sol
242 1716 315 1768 erat
331 1725 351 1769 a
367 1716 486 1792 tergo:
510 1705 581 1769 vidi
597 1705 805 1790 praecedere
821 1706 962 1792 longam
1116 1785 1118 1789 Ι

174 1824 253 1876 ante
271 1812 376 1896 pedes
393 1813 552 1876 umbram
563 1811 682 1876 -nisi
699 1811 728 1876 si
744 1813 845 1876 timor
861 1811 920 1876 illa
936 1812 1128 1877 videbat-
1171 1829 1223 1901 615

174 1921 235 1983 sed
254 1930 344 1984 certe
361 1919 561 2010 sonitusque
577 1919 705 2004 pedum
720 1918 881 1994 terrebat,
899 1929 933 1983 et
948 1919 1072 2006 ingens

172 2026 320 2092 crinales
336 2028 436 2092 vittas
454 2027 604 2091 adflabat
621 2026 790 2091 anhelitus
806 2026 887 2091 oris.

172 2134 264 2198 sessa
281 2135 397 2200 labore
415 2132 627 2221 fugae‚·Far
643 2140 753 2220 opera,
772 2133 1036 2218 deprendz'rnur,
1054 2131 1208 2219 inquam,

171 2245 383 2328 armigerae,
402 2241 596 2329 Dictynna,
609 2249 709 2318 tuae,
727 2241 787 2304 cui
798 2245 902 2325 saepe
916 2239 1046 2303 dedisti

158 2349 270 2433 ferre
285 2359 360 2414 tuas
375 2370 478 2413 arcus
494 2349 696 2433 rizclusaque
710 2347 780 2413 tela
790 2347 978 2432 pharetra.
1171 2363 1224 2418 620
1261 2345 1263 2350 ’

218 2455 338 2520 ‘Mota
355 2458 420 2521 dea
436 2467 499 2531 est,
518 2455 704 2541 spissisque
720 2453 833 2518 serens
850 2473 869 2517 e
886 2453 1034 2518 nubibus
1048 2473 1154 2517 unam

171 2583 226 2627 me
243 2584 345 2647 super
362 2563 488 2650 injecit.
538 2561 678 2626 Lustrat
694 2560 845 2648 caligine
860 2569 986 2624 tectam

171 2669 294 2744 amnis,
313 2680 346 2734 et
362 2669 504 2756 ignarus
520 2669 649 2733 circum
668 2689 755 2732 cava
771 2667 889 2730 nubila
905 2665 1057 2752 quaerit3

169 2776 290 2862 bisque
307 2776 435 2850 locum,
454 2797 522 2862 quo
539 2796 594 2839 me
611 2775 676 2840 dea
692 2783 837 2848 texerat,
855 2773 984 2838 inscius
1000 2772 1118 2850 ambit,

169 2895 202 2947 et
217 2884 270 2949 bis
285 2883 328 2949 Io
344 2881 546 2948 Arethusa!
567 2882 611 2948 Ia
626 2879 828 2948 Arethusa!
850 2880 998 2945 vocavit.
1168 2897 1220 2967 625

167 2991 249 3077 quid
265 2991 350 3054 mihi
374 3002 456 3055 tunc
480 2989 585 3053 animi
610 2989 757 3054 miserae
780 2985 864 3052 suit?
889 3007 979 3054 anne
994 2987 1086 3074 quod
1106 3008 1220 3075 agnae

303 3108 365 3172 est,

167 3205 265 3292 siqua
281 3204 380 3290 lupos
398 3203 492 3269 audit
508 3203 636 3268 circum
654 3203 787 3268 stabula
804 3202 873 3267 alta
889 3199 1095 3266 frementes?
1200 3194 1206 3205 ’

168 3325 225 3377 aut
242 3310 363 3397 lepori,
382 3311 439 3398 qui
456 3332 561 3395 vepre
577 3311 687 3376 latens
704 3309 840 3374 hostilia
856 3309 965 3373 cernit

166 3440 227 3486 ora
245 3439 384 3491 canum,
403 3417 584 3502 nullosque
601 3417 705 3481 audet
719 3417 802 3480 dare
818 3436 962 3501 corpore
978 3411 1113 3480 motus?

213 3524 317 3591 ‘Non
334 3535 448 3589 tamen
467 3522 639 3597 abscedit3
665 3542 776 3609 neque
793 3522 885 3587 enim
896 3523 1047 3610 ,vestigia
1065 3521 1173 3587 cernit

165 3632 304 3717 longius
320 3631 390 3694 ulla
407 3630 556 3716 pedum:
581 3639 693 3694 servat
709 3630 904 3717 nubemque
921 3630 1115 3717 locumque.

166 3748 312 3820 occupat
328 3736 484 3800 obsessos
501 3736 605 3800 sudor
623 3735 704 3799 mihi
720 3736 867 3823 frigidus
885 3748 989 3814 artus,

167 3842 414 3927 caeruleaeque
432 3842 558 3906 cadunt
573 3852 642 3906 toto
659 3843 702 3906 de
719 3863 861 3926 corpore
878 3854 1005 3930 guttae.

166 3965 302 4033 quaque
318 3945 441 4030 pedem
459 3946 563 4023 movi,
583 3958 699 4012 manat
714 3948 825 4024 lacus,
842 3969 931 4037 eque
946 3949 1081 4036 capillis
