2752 4350
178 239 222 324 36
471 238 542 305 The
566 237 698 304 Searct
722 240 770 324 os
789 237 951 304 Cadmus.
1087 257 1230 329 [Marna.
1342 187 1367 256 'i

177 435 332 503 cedendo
349 436 500 511 arcebat,
518 456 583 500 nec
599 435 737 522 longius
753 433 802 499 ire
819 434 973 500 sinebat:
1129 505 1131 508 ,

177 543 288 608 donec
303 541 522 630 Agenorides
539 542 729 630 conjectum
748 541 783 605 in
800 553 936 628 gutture
953 543 1080 608 serrum
1194 575 1231 630 90

176 670 284 736 usque
301 670 447 737 sequens
465 649 598 734 pressit,
617 649 699 712 dum
716 660 805 712 retro
822 668 968 734 quercus
985 650 1078 714 eunti

176 755 314 831 obstitit,
333 765 366 820 et
381 755 451 819 lixa
469 765 519 820 est
535 753 660 839 pariter
676 774 754 819 curn
772 755 892 819 robore
910 755 1038 819 cervix.
1150 811 1151 814 ,

176 861 328 948 pondere
340 861 513 948 serpentis
530 871 669 926 curvata
687 871 737 924 est
753 860 867 935 arbor,
885 872 919 924 et
934 861 1024 926 imae

175 978 272 1053 parte
288 967 459 1055 flagellari
476 967 607 1055 gemuit
623 987 685 1032 sua
700 967 823 1031 robora
840 967 986 1032 caudae.

221 1073 314 1138 Dum
332 1074 478 1159 spatium
494 1074 603 1138 victor
620 1072 698 1137 victi
716 1073 908 1138 considerat
924 1074 1043 1150 hostis,
1193 1105 1227 1164 95
1308 1137 1311 1150 ,
1339 1159 1342 1168 .
1366 1143 1367 1152 ,

174 1203 243 1245 vox
257 1180 367 1246 subito
382 1180 496 1245 audita
511 1191 581 1255 est;
600 1199 711 1265 neque
723 1191 795 1244 erat
808 1200 1018 1267 cognoscere
1032 1192 1228 1268 promptum

174 1288 280 1364 unde,
293 1288 355 1353 sed
368 1288 483 1352 audita
496 1297 567 1352 est:
583 1297 591 1326 ‘
607 1284 716 1369 Quid,
728 1284 893 1373 Agenore
907 1298 999 1362 nate,
1011 1300 1228 1374 peremptum

175 1405 368 1480 serpentem
385 1391 541 1479 spectas?
565 1403 598 1458 et
613 1404 648 1457 tu
665 1393 864 1477 spectabere
881 1394 1046 1478 serpens!

174 1500 232 1566 ille
249 1501 307 1566 diu
324 1502 469 1586 pavidus
485 1500 611 1585 pariter
628 1521 706 1564 cum
723 1511 836 1564 mente
854 1501 1002 1564 colorem

175 1607 382 1693 perdiderat,
401 1607 584 1695 gelidoque
601 1627 720 1671 comae
737 1617 864 1672 terrore
881 1607 1051 1695 rigebant.
1177 1641 1228 1682 100

175 1733 257 1778 ecce
274 1713 336 1778 viri
352 1713 490 1788 fautrix,
509 1733 652 1799 superas
668 1703 888 1799 delapsa‘per
906 1735 1007 1779 auras

175 1819 291 1885 Pallas
308 1822 417 1896 adest,
436 1831 615 1906 motaeque
628 1820 725 1908 jubet
741 1822 933 1906 subponere
949 1832 1061 1887 terrae

173 1926 330 2012 vipereos
346 1927 479 2003 dentes,
497 1927 615 2013 populi
632 1927 843 1992 incrementa
860 1928 973 1991 futuri.
1046 1939 1058 1948 ”

174 2044 285 2120 paret,
303 2043 336 2099 et
350 2044 388 2099 ut
404 2055 522 2119 presso
539 2035 672 2120 sulcum
689 2034 849 2120 patefecit
865 2046 990 2112 aratro,

174 2141 307 2230 spargit
324 2141 418 2206 humi
431 2140 558 2229 jussos,
578 2141 734 2206 mortalia
751 2141 896 2216 semina,
914 2142 1046 2208 dentes.
1176 2174 1225 2230 105

174 2247 255 2314 inde
266 2248 388 2314 -fide
405 2248 571 2336 majus-
581 2247 705 2335 glebae
722 2268 867 2334 coepere
885 2248 1028 2327 moveri,

174 2355 352 2443 primaque
369 2355 413 2421 de
429 2355 533 2421 sulcis
553 2355 645 2422 acies
662 2356 820 2442 apparuit
836 2357 975 2433 hastae3
1093 2373 1096 2379 ·

173 2463 327 2550 tegmina
343 2485 425 2527 mox
441 2462 591 2548 capitum
609 2463 698 2549 picto
715 2464 868 2530 nutantia
886 2485 993 2541 con03

174 2589 255 2634 mox
265 2568 397 2635 humeri
410 2581 595 2658 pectusque
604 2582 813 2658 onerataque
829 2572 992 2637 bracchia
1007 2572 1084 2639 telis

173 2676 351 2752 exsistunt,
370 2676 558 2763 crescitque
575 2699 677 2764 seges
692 2677 838 2763 clipeata
854 2678 1017 2744 virorum.
1076 2757 1079 2763 Ι
1175 2709 1226 2752 110

174 2782 223 2847 sic
241 2781 298 2846 ubi
314 2783 477 2848 tolluntur
494 2782 586 2849 festis
603 2785 726 2848 aulaea
743 2785 895 2861 theatris,
1004 2770 1008 2774 ’

173 2910 315 2978 surgere
333 2890 433 2979 signa
451 2891 572 2967 solent,
591 2891 808 2978 primumque
825 2890 1003 2958 ostendere
1019 2893 1146 2971 vultus,

173 3007 286 3061 cetera
303 2996 489 3081 paulatim;
515 2997 719 3084 placidoque
736 2998 857 3063 educta
874 3009 991 3064 tenore

172 3111 241 3167 tota
258 3114 386 3188 patent,
404 3102 540 3191 imoque
557 3103 663 3190 pedes
679 3104 714 3168 in
731 3104 888 3191 margine
904 3115 1047 3189 ponunt.

217 3209 373 3274 Territus
390 3210 485 3274 hoste
502 3231 591 3276 novo
607 3208 763 3276 Cadmus
780 3231 903 3296 capere
920 3231 1016 3275 arma
1032 3211 1196 3297 parabat:

174 3314 253 3382 ‘Ne
269 3315 375 3402 cape’
392 3315 435 3381 de
451 3316 578 3402 populo
594 3339 698 3404 quern
713 3328 803 3382 terra
821 3327 997 3382 creaverat
1011 3339 1100 3384 unus

172 3423 357 3499 exclamat,
376 3433 512 3489 ‘necte
529 3421 684 3489 civilibus
701 3423 812 3490 insere
828 3423 952 3490 bellis.’

170 3540 273 3616 atque
289 3529 335 3595 ita
351 3529 530 3618 terrigenis
546 3530 658 3619 rigido
675 3531 718 3596 de
735 3531 893 3596 fratribus
909 3551 1018 3596 unum

172 3637 327 3702 cominus
344 3657 426 3702 ense
442 3636 539 3717 serit:
560 3637 676 3725 jaculo
693 3637 784 3702 cadit
800 3638 934 3703 eminus
950 3637 1037 3722 ipse.

172 3741 265 3805 hunc
280 3761 417 3828 quoque
432 3742 490 3828 qui
507 3743 574 3807 leto
591 3743 744 3818 dederat,
762 3764 831 3808 non
847 3744 984 3830 longius
1000 3743 1060 3810 illo
1171 3775 1220 3816 120

170 3846 265 3921 vivit,
284 3857 317 3911 et
332 3847 483 3932 exspirat
498 3848 600 3913 modo
616 3868 702 3934 quas
719 3859 911 3934 acceperat,
931 3870 1045 3915 auras.

172 3953 399 4039 exemploque
415 3953 490 4038 pari
505 3952 585 4018 furit
599 3953 710 4019 omnis
726 3955 837 4030 turba,
856 3976 986 4044 suoque
