2752 4350
183 255 228 324 34
468 234 504 303 T
498 234 540 301 he
563 232 697 301 Searclt
721 235 769 320 qs
787 231 951 299 Cadmus.
1091 243 1237 315 [Menan.

183 431 227 497 ad
245 431 379 496 caelum
398 433 555 506 frontem,
573 429 760 518 mugitibus
777 427 912 515 impulit
929 447 1042 492 auras.

184 549 285 623 atque
302 537 350 601 ita·
365 537 552 623 respiciens
568 527 711 602 ¹comites
729 557 792 602 sua
808 547 906 622 terga
923 541 1118 620 sequentes,

183 643 375 729 procubuit,
394 655 580 731 teneraque
597 644 686 708 latus
703 642 873 708 summisit
888 641 924 704 in
942 639 1061 704 herba.

229 747 383 815 Cadmus
401 749 472 836 agit
487 741 615 836 grates,
634 749 906 836 peregrinaeque
924 746 1044 812 oscula
1059 756 1170 813 terrae

184 855 271 942 figit,
290 866 323 920 et
338 855 473 943 ignotos
490 866 620 920 montes
639 876 809 943 agrosque
826 854 964 918 salutat.
1118 919 1122 924 .
1202 881 1237 937 25

185 982 284 1027 sacra
296 961 374 1048 Jovi
390 961 540 1050 facturus
556 973 648 1027 erat:
668 962 766 1050 jubet
781 960 831 1025 ire
847 960 1031 1038 ministros,

186 1077 219 1132 et
234 1078 349 1152 petere
366 1089 385 1133 e
401 1068 487 1134 vivis
505 1067 662 1133 libandas
679 1067 828 1133 sontibus
845 1068 969 1133 undas.

186 1175 271 1240 silva
287 1185 384 1240 vetus
402 1176 513 1240 stabat
529 1175 624 1239 nulla
640 1174 767 1239 violata
784 1175 909 1250 securi,

186 1292 219 1345 et
235 1301 357 1365 specus
374 1281 408 1345 in
425 1281 551 1356 medio,
570 1280 677 1368 virgis
695 1300 736 1345 ac
751 1281 879 1346 vimine
895 1282 1035 1374 densus,

186 1387 337 1453 efficiens
355 1387 518 1453 humilem
535 1388 689 1473 lapidum
707 1389 933 1475 compagibus
951 1410 1082 1465 arcum,
1203 1417 1238 1471 30

185 1494 347 1560 uberibus
364 1493 531 1559 fecundus
549 1494 659 1581 aquia
678 1495 736 1559 ubi
754 1495 909 1560 conditus
928 1506 1024 1560 antro

187 1598 333 1664 Martius
350 1599 475 1688 anguis
492 1611 576 1676 erat,
595 1601 704 1667 cristis
721 1601 914 1689 praesignis
931 1613 963 1667 et
980 1622 1084 1667 auro:

187 1706 269 1793 igne
285 1706 412 1771 micant
428 1707 531 1782 oculi,
550 1727 673 1793 corpus
689 1720 795 1774 tumet
811 1730 912 1774 omne
929 1729 1076 1784 venenu,

187 1823 322 1899 tresque
338 1814 474 1879 vibrant
489 1814 643 1902 linguae,
662 1815 785 1901 triplici
803 1827 893 1880 stant
909 1816 1028 1881 ordine
1046 1815 1178 1880 dentes.

235 1918 350 2003 Quem
367 1931 548 2007 postquam
563 1921 673 2008 Tyria
690 1923 806 1987 lucum
823 1923 866 1987 de
882 1932 986 2009 gente
1003 1920 1146 2006 profecti
1203 1949 1237 2007 33

189 2025 336 2091 infausto
352 2027 494 2115 tetigere
512 2029 635 2116 gradu,
655 2029 873 2115 demissaque
890 2029 924 2092 in
941 2031 1052 2094 undas

188 2155 274 2197 urna
292 2132 384 2199 dedit
399 2133 560 2210 sonitum,
579 2136 683 2223 longo
701 2146 804 2222 caput
820 2134 940 2200 extulit
956 2146 1053 2200 antro

190 2239 368 2305 caeruleus
385 2262 539 2327 serpens,
559 2242 797 2329 horrendaque
815 2241 913 2328 sibila
930 2241 1032 2306 misit.

190 2347 353 2412 effluxere
369 2368 477 2412 urnae
495 2348 665 2424 manibus,
684 2349 894 2436 sanguisque
911 2347 1071 2436 relinquit

190 2474 327 2539 corpus,
346 2466 379 2519 et
396 2452 552 2519 attonitos
569 2455 698 2520 subitus
715 2465 841 2520 tremor
857 2464 1003 2539 occupat
1019 2464 1124 2521 artus.
1203 2484 1240 2538 40

190 2559 247 2626 ille
264 2560 471 2626 volubilibus
488 2581 689 2647 squamosos
707 2562 853 2627 nexibus
870 2561 969 2627 orbes

189 2676 335 2755 torquet,
355 2677 387 2733 et
403 2667 589 2733 immensos
605 2667 692 2732 saltu
709 2668 864 2732 sinuatur
879 2667 914 2731 in
932 2688 1052 2732 arcusa

191 2796 233 2840 ac
249 2776 362 2840 media
379 2777 456 2862 plus
473 2785 568 2860 parte
586 2775 680 2840 leves
696 2785 829 2840 erectus
846 2774 881 2839 in
898 2795 1000 2840 auras

191 2882 335 2969 despicit
350 2893 452 2949 omne
468 2896 603 2956 nemus,
622 2891 783 2968 tantoque
801 2892 852 2947 est
868 2902 1023 2966 corpore,
1042 2885 1169 2969 quanto

191 2991 218 3056 si
236 3001 340 3055 toturn
359 3001 505 3076 spectes,
523 2989 682 3077 geminas
698 2988 756 3074 qui
773 2999 909 3073 separat
924 2986 1059 3054 Arctos.
1204 3017 1239 3076 45

190 3118 255 3161 nec
272 3117 380 3172 mora,
399 3095 605 3172 Phoenicas,
624 3096 695 3161 sive
713 3095 761 3159 illi
779 3095 846 3159 tela
863 3095 1042 3180 parabant,

191 3203 263 3268 sive
279 3202 412 3289 sugam,
431 3201 503 3267 sive
518 3202 593 3287 ipse
608 3202 708 3269 timor
725 3202 927 3288 prohibebat
943 3212 1136 3288 utrumque,

191 3320 357 3394 occupat:
382 3309 445 3372 hos
462 3329 590 3384 morsu,
608 3309 723 3398 longis
740 3310 957 3395 amplexibus
973 3308 1063 3385 illos,
1161 3376 1164 3382 ,

192 3416 254 3481 hos
272 3426 370 3479 necat
387 3414 491 3480 afflati
508 3415 641 3480 sunesta
657 3417 735 3482 tabe
751 3417 888 3482 veneni.

236 3523 381 3587 Fecerat
396 3520 541 3609 exiguas
554 3522 626 3610 jam
643 3522 693 3588 sol
711 3523 894 3588 altissimus
910 3523 1071 3588 umbras=
1207 3549 1243 3610 30

191 3649 280 3715 quae
297 3649 392 3692 mora
409 3627 450 3692 sit
466 3628 580 3704 sociis,
598 3629 740 3693 miratur
754 3627 919 3717 Agenore
936 3642 1049 3707 natus,

191 3735 404 3821 vestigatque
421 3734 532 3799 viros:
557 3746 719 3820 tegumen
736 3735 869 3820 direpta
885 3737 994 3803 leonis

192 3841 293 3926 pellis
309 3850 393 3913 erat,
411 3841 516 3902 telum
535 3840 726 3923 splendenti
743 3841 865 3906 lancea
882 3843 971 3909 serro

194 3957 227 4013 et
238 3945 405 4035 jaculum,
423 3944 559 4031 teloque
576 3945 711 4010 animus
727 3948 954 4031 praestantior
970 3950 1075 4016 omni.
