2752 4350
167 187 188 250 8
341 201 365 246 1.
403 181 475 247 The
503 180 667 249 Creatr'on
692 182 765 246 and
785 180 842 246 the
864 180 990 246 Flood.
1079 200 1220 272 [Marna

168 381 240 446 sive
258 399 378 444 recens
394 379 720 465 tellus‚seductaque
737 398 846 463 nuper
863 378 906 442 ab
923 379 991 444 alto
1187 398 1223 452 80

168 485 464 572 aethere‚coguati
481 485 646 550 retinebat
663 487 795 550 semina
812 485 913 549 caeli.

168 616 272 681 quam
290 605 383 658 satus
402 591 533 677 Iapet0,
554 592 695 655 mixtam
713 591 908 656 fluvialibus
926 592 1045 669 undis,

168 701 267 766 finxit
277 701 317 764 in
335 699 487 786 effigiem
504 698 742 762 moderantum
759 710 882 763 cuncta
899 699 1055 764 deorum.

168 829 346 894 pronaque
363 829 440 872 cum
459 815 612 890 spectent
628 804 792 868 animalia
808 816 921 869 cetera
937 816 1075 882 terram,

168 938 207 980 os
225 915 353 980 homini
371 913 517 979 sublime
535 911 640 987 dedit,
660 912 863 997 caelumque
879 911 965 976 tueri
1189 930 1223 990 ὃς

166 1022 278 1111 jussit,
297 1033 329 1086 et
346 1033 476 1086 erectos
494 1020 537 1085 ad
556 1019 668 1084 sidera
681 999 803 1082 'tollere
820 1018 946 1083 vultus.

170 1129 236 1203 sic}
252 1129 352 1193 modo
369 1149 457 1214 quae
474 1127 585 1192 fuerat
602 1126 696 1190 rudis
713 1136 746 1188 et
762 1124 835 1216 sine
852 1124 1019 1212 imagine,
1038 1127 1140 1192 tellus

170 1235 280 1300 induit
296 1235 432 1322 ignotas
450 1234 628 1300 hominum
646 1251 812 1298 conversa
830 1232 973 1316 figuras.

216 1341 353 1406 Annua
369 1343 478 1427 prima
496 1355 568 1406 sata
585 1352 637 1406 est
653 1351 760 1415 aetas,
779 1359 868 1425 quae
886 1339 1021 1403 vindice
1037 1339 1146 1416 nullo,

171 1460 291 1533 sponte
308 1470 383 1523 sua,
402 1448 475 1514 sine
493 1448 571 1534 lege
587 1448 691 1512 fidem
707 1458 906 1532 rectumque
923 1447 1069 1511 colebat.
1188 1477 1224 1532 90

170 1576 282 1640 poena
301 1567 476 1640 metusque
494 1555 646 1628 aberant,
666 1575 731 1618 nec
746 1553 851 1617 verba
868 1552 1015 1617 minacia
1032 1553 1103 1617 fixo

171 1683 251 1726 aere
268 1660 484 1748 legebantur,
504 1681 568 1726 nec
585 1662 730 1746 supplex
747 1661 845 1725 turba
862 1659 1003 1724 timebat

167 1768 293 1858 judicis
309 1788 369 1833 ora
386 1767 451 1842 sui,
470 1767 531 1832 sed
547 1779 644 1832 erant
660 1767 732 1832 sine
745 1767 861 1854 judice
877 1766 951 1830 tuti.

161 1868 324 1939 'nondum
342 1895 443 1939 caesa
460 1874 543 1948 suis,
562 1874 782 1961 peregrinum
799 1887 836 1958 ut
851 1873 976 1938 viseret
991 1872 1122 1948 orbem,

173 1981 344 2046 montibus
360 1981 395 2045 in
412 1981 559 2066 liquidas
576 1980 676 2065 pinus
692 1982 917 2046 descenderat
934 1981 1059 2057 undae,
1189 2009 1262 2088 9521
1363 1999 1364 2080 l

173 2089 335 2175 nullaque
353 2088 512 2152 mortales
529 2098 663 2172 praeter
679 2108 742 2152 sua
759 2089 856 2152 litora
873 2099 1007 2152 norant.
1116 2130 1118 2136 .
1245 2095 1269 2172 3
1299 2105 1301 2111 ·
1363 2099 1364 2102 ’

173 2195 325 2260 nondum
342 2192 547 2280 praecipites
564 2194 750 2281 cingebant
766 2195 893 2280 oppida
910 2179 1043 2260 fossae:

172 2325 241 2367 non
258 2303 339 2367 tuba
356 2301 488 2376 directi,
506 2323 575 2366 non
592 2301 681 2366 aeris
698 2323 826 2368 cornua
841 2301 937 2378 flexi,

173 2431 241 2474 non
260 2409 396 2494 galeae,
415 2409 591 2472 nonensis
609 2420 725 2481 erant;
751 2409 825 2474 sine
843 2409 957 2475 militis
974 2431 1038 2477 usu

173 2516 291 2580 mollia
308 2534 449 2580 securae
466 2515 678 2601 peragebant
693 2514 760 2579 otia
777 2528 911 2603 gentes.
1176 2549 1225 2589 100

173 2621 248 2706 ipsa
266 2641 401 2707 quoque
417 2607 577 2686 inimunis
594 2631 768 2707 rastroque
785 2622 925 2700 intacta,
943 2644 1009 2689 nec
1024 2623 1103 2690 ullis

174 2726 291 2793 saucia
308 2726 515 2801 vomeribuS,
533 2749 596 2813 per
611 2748 648 2792 se
665 2727 768 2793 dabat
783 2717 898 2796 omnia
914 2732 1035 2798 tellust

175 2833 391 2920 contentique
409 2833 493 2898 cibis
509 2835 603 2899 nullo
621 2847 766 2922 cogente
783 2838 919 2914 creatis,

174 2942 332 3006 arbuteos
349 2940 435 3005 setus
453 2952 681 3027 montanaque
699 2942 797 3032 sraga
814 2945 989 3032 legebant,

174 3068 346 3133 cornaque
363 3058 396 3111 et
412 3047 447 3110 in
464 3047 557 3112 duris
574 3048 749 3114 haerentia
767 3072 863 3116 mora
879 3052 1019 3128 rubetis,
1177 3080 1224 3138 105

173 3166 207 3219 et
222 3175 310 3239 quae
328 3152 524 3218 deciderant
541 3155 657 3239 patula
669 3155 765 3242 Jovis
782 3158 903 3223 arbore
919 3158 1079 3246 glandes.

173 3283 233 3326 ver
249 3271 323 3325 erat
339 3270 529 3335 aeternum,
548 3263 743 3350 placidique
759 3264 949 3350 tepentibus
966 3264 1059 3330 auris

175 3367 370 3431 mulcebant
386 3367 528 3454 zephyri
546 3381 643 3433 natos
660 3370 734 3434 sine
750 3371 881 3435 semine
897 3371 1010 3437 fiores.

175 3495 256 3537 mox
272 3473 373 3538 etiam
392 3472 509 3561 sruges
525 3476 626 3540 tellus
641 3475 773 3540 inarata
790 3477 933 3553 serebat,

174 3599 239 3643 nee
255 3590 437 3645 renovatus
455 3602 539 3668 ager
555 3581 707 3669 gravidis
725 3584 870 3648 canebat
885 3584 1017 3650 aristis:
1178 3615 1227 3655 110

174 3686 316 3751 flumina
329 3687 400 3776 jam
419 3689 529 3762 lactis,
545 3688 617 3775 jam
633 3688 775 3753 flumina
792 3691 938 3757 nectaris
954 3692 1061 3769 ibant,

174 3792 332 3880 flavaque
349 3794 392 3858 de
408 3793 507 3859 viridi
524 3793 697 3858 stillabant
713 3794 790 3859 ilice
806 3798 921 3862 mella.

220 3897 406 3985 Postquam
424 3895 572 3962 Saturno
588 3899 768 3966 tenebrosa
785 3901 820 3964 in
835 3901 983 3969 Tartara
999 3903 1104 3970 misso

1000 4245 1364 4320 &mn
