2790 4356
171 253 235 326 172
545 237 694 306 Skorter
716 239 851 307 Poems.
1071 255 1217 327 [Tmsrm

170 437 208 505 Si
226 437 305 502 licet
322 437 489 522 exemplis
506 437 541 500 in
559 415 665 522 parvi>
681 437 872 524 grandibus
888 435 950 513 uti,
1192 465 1225 522 ²5

216 544 316 609 Haec
332 542 439 607 facies
455 542 596 630 Trojae‚
616 564 694 607 cum
713 554 904 628 caperetur,
924 554 1007 607 erat.

165 651 313 740 Jamque
328 650 551 738 quiescebant
567 671 670 714 voces
688 649 934 734 hominumque
951 669 1159 735 canumque,

214 757 385 844 Lunaque
402 766 587 821 nocturnos
605 756 674 820 alta
690 756 834 842 regebat
850 776 970 841 equos.

171 864 274 930 Hanc
290 886 357 952 ego
374 861 563 948 suspiciens
580 871 613 925 et
629 862 673 926 ab
691 862 757 926 hac
774 860 946 947 Capitolia
962 882 1122 938 camene,

216 970 317 1054 Qrae
332 982 447 1036 nostro
463 969 588 1033 frustra
601 967 720 1055 juncta
737 967 832 1032 suere
849 967 926 1042 lari,
1189 997 1226 1054 30

172 1077 349 1144 ‘Numina
365 1077 487 1144 vicinis
505 1074 693 1141 habitantia
710 1074 874 1150 sedibus‚’
893 1075 1048 1161 inquam,

216 1185 384 1273 ‘Jamque
400 1183 509 1250 oculis
526 1202 715 1269 numquam
731 1182 861 1266 templa
878 1180 1026 1246 videnda
1043 1181 1142 1258 mele,

170 1291 283 1380 Dique
299 1291 528 1380 relinquendi,
544 1311 630 1378 quos
646 1289 729 1354 urbs
745 1299 837 1353 tenet
852 1288 922 1352 alta
940 1286 1091 1372 Quirini,

215 1399 296 1465 Este
312 1400 446 1465 salutati
463 1411 597 1484 tempus
613 1397 649 1462 in
666 1417 768 1462 omne
786 1393 891 1459 mihil

169 1504 214 1572 Et
229 1526 438 1592 quamquam
455 1527 531 1572 sero
547 1504 697 1590 clipeum
714 1515 791 1590 post
808 1504 951 1569 vulnera
967 1525 1081 1580 sumo,
1187 1532 1223 1592 35

213 1610 376 1678 Attamen
393 1614 483 1678 hanc
498 1611 586 1678 odiis
603 1622 788 1677 exonerate
806 1611 941 1700 fugam,

168 1717 385 1805 Caelestique
402 1718 487 1794 viro,
505 1718 582 1806 quis
600 1739 654 1784 me
671 1718 845 1803 deceperit
863 1738 971 1796 error,

213 1824 346 1890 Dicite:
372 1846 434 1911 pro
451 1826 612 1911 culpane
629 1826 743 1892 scelus
761 1845 836 1890 esse
854 1836 960 1911 putet.

167 1931 216 2000 Ut
231 1933 322 2019 quod
337 1953 398 1997 vos
415 1931 521 2009 scitis,
538 1953 671 2017 poenae
687 1953 824 2019 quoque
843 1932 966 1998 sentiat
982 1944 1114 2010 auctor,

211 2037 353 2105 Placato
368 2060 508 2125 possum
525 2060 593 2104 non
612 2038 715 2104 miser
732 2059 807 2104 esse
825 2039 916 2104 deo.’
1186 2061 1223 2126 4‘0

168 2145 247 2211 Hac
264 2167 364 2232 prece
381 2145 520 2211 adoravi
538 2167 679 2230 superos
697 2166 785 2233 ego;
811 2145 966 2231 pluribus
982 2168 1084 2224 uxor,

212 2251 374 2340 Singultu
391 2252 522 2318 medios
538 2251 746 2337 impediente
764 2274 880 2317 sonos,

166 2357 231 2424 Illa
248 2360 363 2435 etiam,
382 2370 460 2424 ante
476 2357 586 2424 Lares
602 2358 713 2444 passis
730 2369 898 2444 prostrata
916 2358 1066 2445 capillis,

213 2464 366 2553 Contigit
383 2464 566 2530 exstinctos
582 2486 641 2530 ore
657 2475 823 2530 tremente
839 2465 947 2542 soem,

165 2570 345 2658 Multaque
361 2570 397 2635 in
414 2573 575 2638 adversos
592 2570 711 2637 effudit
727 2572 834 2638 verba
849 2569 999 2638 Penates
1184 2602 1220 2660 45

211 2677 278 2744 Pro
295 2678 471 2764 deplorato
487 2700 556 2743 non
572 2679 718 2744 valitura
734 2679 820 2746 viro.

160 2785 308 2874 Jamque
324 2807 439 2850 morae
456 2785 602 2871 spatium
620 2807 690 2852 nox
707 2786 931 2872 praecipitata
947 2787 1112 2876 negabat,

208 2891 388 2979 Versaque
406 2892 449 2957 ab
466 2913 531 2957 axe
548 2914 610 2958 suo
626 2890 808 2960 Parrhasis
826 2906 937 2959 arctos
955 2905 1039 2960 erat.

165 2998 261 3085 Quid
276 2997 448 3065 facerem?
470 3000 598 3066 blando
615 3001 746 3086 patriae
763 3001 934 3068 retinebar
950 3021 1068 3066 amore
1080 2995 1096 3076 ς’

209 3106 340 3173 Ultima
356 3105 416 3172 sed
428 3106 546 3194 jussae
562 3129 633 3172 nox
649 3119 722 3172 erat
738 3108 796 3172 illa
814 3108 931 3196 fugae.
1184 3136 1220 3197 50

163 3210 243 3278 Aht
268 3212 423 3299 quotiens
440 3213 554 3302 aliquo
572 3215 643 3280 dixi
661 3226 866 3302 properante
884 3226 893 3255 ⁴
911 3211 1008 3299 Quid
1023 3213 1175 3304 urgues?

207 3320 274 3386 Vel
291 3341 358 3407 quo
375 3319 513 3387 festines
530 3321 593 3400 ire,
612 3323 668 3389 vel
684 3324 791 3399 unde,
808 3320 908 3388 videl
922 3321 932 3349 ‘

162 3425 221 3492 Ah
235 3425 243 3491 1
267 3426 423 3514 quotiens
441 3441 570 3496 certam
589 3451 643 3496 me
660 3451 738 3496 sum
754 3429 914 3496 mentitus
930 3428 1059 3496 habere

208 3533 355 3611 Horam,
373 3537 567 3622 propositae
584 3557 674 3624 quae
691 3536 777 3603 foret
793 3548 873 3623 apta
889 3535 978 3603 viae.

162 3637 234 3704 Ter
249 3640 354 3707 limen
370 3643 481 3732 tetigi,
498 3653 549 3708 ter
565 3665 641 3708 sum
658 3655 850 3720 revocatus,
868 3654 901 3710 et
916 3643 991 3730 ipse
1181 3673 1216 3733 55

209 3744 399 3837 Indulgens
417 3749 533 3814 animo
549 3770 610 3835 pes
628 3747 711 3813 mihi
728 3750 845 3816 tardus
861 3761 935 3816 erat
945 3771 954 3830 ς

126 3885 134 3902 ·
164 3848 278 3937 Saepe
307 3853 390 3918 Vale
407 3854 496 3919 dicto
512 3875 629 3919 rursus
646 3875 722 3918 sum
739 3855 846 3920 multa
863 3856 1010 3935 locutus,

208 3955 253 4023 Et
268 3957 366 4044 quasi
382 3958 564 4025 discedens
580 3960 698 4026 oscula
714 3981 849 4027 summa
866 3963 968 4041 dedi;
