2752 4350
165 205 207 260 11.
223 204 296 278 377.]
467 187 538 256 Tae
560 187 751 256 Hebudes:
782 186 927 276 Cycnus.
1156 208 1217 278 ,29

161 387 242 452 illae
261 407 446 461 moresne,
466 407 544 452 nam
564 407 693 451 morem
711 385 840 451 fecerat
856 408 951 462 usus,
1163 418 1213 475 345

161 495 365 581 plangorem
384 493 568 558 dederant:
595 495 706 578 equis
723 492 935 570 Pha‘e'thusa,
954 515 1108 560 sororum

161 601 326 676 maxima,
346 620 424 665 cum
442 599 545 667 vellet
561 609 650 666 terra
668 600 905 685 procumbere,
925 613 1044 687 questa
1062 612 1117 690 est

161 707 352 794 deriguisse
365 707 495 793 ‘pedes3
521 706 566 771 ad
583 727 687 792 quam
706 718 827 771 conata
844 707 960 772 venire

160 815 308 880 candida
324 813 519 900 Lampetie,
537 813 650 878 subita
666 812 781 877 radice
798 824 928 879 retenta
945 825 996 879 est
1005 837 1015 892 3

159 922 269 1012 tertia,
289 942 368 986 cum
384 920 514 986 crinem
532 919 691 986 manibus
708 918 839 984 laniare
854 931 1005 1004 pararet,
1160 953 1214 1011 350

111 1089 115 1093 .
160 1028 276 1094 avellit
286 1028 451 1104 'frondes3
477 1029 564 1093 haec
581 1025 693 1112 stipite
711 1042 811 1090 crura
827 1026 949 1102 teneri,

157 1134 219 1200 illa
235 1137 325 1201 dolet
341 1136 413 1202 fieri
429 1137 553 1224 longos
570 1155 632 1200 sua
649 1132 814 1210 bracchia
830 1153 957 1198 ramos.

158 1242 310 1328 dumque
327 1263 368 1307 ea
386 1243 562 1317 mirantur,
582 1239 818 1326 complectitur
835 1238 980 1326 inguina
997 1251 1126 1319 cortex,

157 1369 287 1435 perque
314 1351 443 1438 gradus
468 1360 614 1427 uterum,
644 1359 845 1435 pectusque,
872 1347 1114 1435 humerosque,
1139 1373 1212 1416 ma-

292 1477 424 1543 nusque
813 1463 817 1470 '

158 1563 277 1639 ambit,
302 1576 336 1629 et
358 1564 536 1629 exstabant
552 1573 683 1629 tantum
701 1583 761 1627 ora
777 1559 936 1627 vocantia
955 1573 1109 1628 matrem.
1158 1594 1208 1652 355

204 1669 299 1754 Quid
316 1671 418 1736 faciat
434 1670 563 1737 mater?
588 1671 665 1747 nisi,
684 1691 751 1758 quo
769 1669 882 1734 trahat
898 1667 1044 1753 impetus
1061 1669 1157 1737 illam

156 1777 226 1842 huc
243 1789 309 1854 eat,
329 1789 428 1865 atque
445 1777 549 1843 illuc?
573 1789 618 1852 et,
637 1779 718 1843 dum
736 1775 828 1852 licet,
848 1776 965 1842 oscula
979 1775 1125 1864 jungat?

155 1905 225 1948 non
243 1884 323 1952 satis
340 1897 410 1960 est3
435 1885 563 1950 truncis
580 1885 728 1950 avellere
746 1904 891 1969 corpora
909 1892 1064 1968 temptat,

156 2002 190 2055 et
205 2001 338 2056 teneros
357 1992 513 2058 manibus
530 2013 643 2058 ramos
660 1991 852 2078 abrumpitt
878 1991 1008 2056 atinde

156 2097 368 2184 sanguineae
386 2110 537 2174 manant,
555 2109 730 2185 tamquam
748 2099 791 2164 de
809 2098 963 2174 vulnere,
983 2109 1111 2186 guttae.
1154 2116 1207 2184 360

157 2202 302 2280 ‘Parce,
317 2225 449 2290 precor,
466 2205 597 2281 mater,’
610 2225 848 2292 quaecumque
862 2215 913 2270 est
930 2205 1047 2270 saucia
1064 2206 1203 2284 clamat,

157 2320 296 2396 ‘parce,
315 2310 455 2398 precor!
482 2323 633 2377 nostrum
651 2313 819 2378 laceratur
836 2312 871 2376 in
888 2312 1009 2377 arbore
1027 2333 1164 2400 corpus·

150 2416 292 2507 jamque
308 2419 384 2483 vale
395 2419 404 2449 '
415 2430 587 2484 -cortex
603 2418 638 2486 in
654 2419 760 2486 verba
776 2417 963 2486 novissima
980 2419 1084 2485 venit.

153 2523 233 2588 inde
250 2523 358 2589 fluunt
373 2525 549 2601 lacrimae,
568 2525 760 2613 stillataque
777 2527 848 2592 sole
865 2523 1041 2614 rigescunt

143 2630 196 2694 ⁴de
213 2630 317 2696 ramis
334 2632 459 2696 electra
475 2631 584 2709 novis,
603 2653 693 2718 quae
709 2632 843 2699 lucidus
859 2635 969 2700 amnis
1152 2653 1203 2725 365

153 2736 285 2823 excipit
295 2749 329 2803 et
345 2738 602 2806 nuribus'mittit
617 2740 785 2828 gestanda
803 2739 950 2809 Latinis.

197 2841 317 2909 Adfuit
333 2845 414 2909 huic
430 2856 579 2911 monstro
596 2846 709 2931 proles
726 2845 927 2914 Stheneleia
945 2849 1099 2937 CycnuS,

152 2948 210 3036 qui
226 2950 286 3015 tibi
304 2963 457 3016 materno
473 2953 629 3038 quamvis
648 2974 667 3018 a
685 2957 855 3044 sanguine
869 2957 1021 3046 junctus,

151 3067 265 3122 mente
281 3067 408 3134 tamen,
427 3057 619 3136 Phaethon,
639 3063 777 3172 propiqr
793 3064 875 3138 suit3
900 3065 957 3129 ille
975 3065 1148 3131 relicto-

150 3183 232 3226 nam
250 3161 419 3251 Ligurum
437 3167 581 3251 populos
599 3179 632 3234 et
650 3191 797 3258 magnas
815 3182 950 3236 rexerat
966 3172 1122 3237 urbes—
1151 3202 1202 3257 370

150 3269 307 3355 imperio,
326 3271 419 3358 ripas
435 3273 562 3340 virides
582 3296 787 3364 amnemque
805 3279 965 3364 querellis

150 3375 340 3442 Eridanum
357 3379 528 3465 implerat,
547 3383 738 3470 silvamque
755 3385 926 3451 sororibus
943 3395 1101 3451 auctam:

149 3503 228 3548 cum
245 3505 314 3548 vox
330 3497 380 3550 est
396 3499 533 3555 tenuata
550 3490 635 3566 viro,
655 3511 831 3578 canaeque
848 3493 992 3578 capillos

149 3589 365 3658 dissimulant
382 3597 532 3681 plumae,
552 3597 746 3683 collumque
764 3619 783 3662 a
800 3609 936 3684 pectore
953 3600 1057 3687 longe

147 3698 346 3787 porrigitur,
365 3703 557 3790 digitosque
575 3703 659 3790 ligat
672 3703 832 3791 junctura
849 3705 1023 3782 rubentes,
1148 3737 1199 3794 375

147 3826 261 3890 penna
278 3807 367 3873 latus
383 3808 495 3884 vestit,
513 3820 658 3874 tenetes
675 3811 749 3874 sine
767 3811 926 3876 acumine
944 3823 1102 3877 rostrum.

147 3913 185 3978 fit
200 3935 290 3980 nova
307 3913 449 4001 Cycnus
465 3914 559 3990 avis3
584 3937 649 3980 nec
666 3937 702 3982 se
719 3917 883 4004 caeloque
894 3917 1041 4005 Jovique
