2752 4350
180 191 225 260 66
408 193 479 261 Tae
501 193 775 260 Enchantments
799 197 847 280 of
859 195 999 260 Medea.
1084 212 1228 283 [Mareu.

182 392 354 479 multaque
370 391 524 477 perpessi
543 393 635 458 claro
653 392 716 456 sub
735 391 857 456 Iasone
874 392 1012 456 tandem
1111 432 1115 442 ι
1214 423 1228 479 5

192 500 394 584 antigerant
411 499 549 583 rapidas
566 500 676 563 limosi
695 499 862 562 Phasidos
880 499 1001 563 undas.

226 604 386 690 Dumque
404 606 530 669 adeunt
546 627 677 692 regem,
694 603 912 691 Phrixeaque
926 606 1054 669 vellera
1072 618 1227 690 poscunt,

179 732 315 796 voxque
333 711 430 774 datur
447 712 598 775 numeris
616 732 819 798 magnorum
839 711 1007 775 horrenda
1026 713 1194 787 laborum,

180 817 328 900 concipit
344 816 472 881 interea
489 817 620 881 validos
636 817 777 882 Aeetias
794 818 913 904 ignes3

181 936 213 986 et
229 925 354 986 luctata
371 924 442 998 diu,
462 935 640 1010 postquam
658 925 787 987 ratione
806 926 953 988 furorem
1198 957 1230 994 10

180 1030 317 1093 vincere
335 1051 402 1093 non
421 1043 563 1114 poterat,
584 1029 761 1104 ‘Frustra
782 1029 922 1105 Medea,
942 1053 1137 1118 repugnas:

181 1137 389 1222 nescioquis
406 1137 491 1200 deus
508 1137 636 1200 obstat'
652 1137 709 1209 ait,
731 1137 958 1223 ‘mirumque,
977 1139 1041 1204 nisi
1060 1141 1124 1202 hoc
1142 1147 1205 1214 est,

163 1244 239 1306 'aut
255 1244 383 1328 aliquid
401 1256 490 1307 certe
508 1243 618 1307 simile
636 1243 728 1316 huic,
747 1244 837 1329 quod
855 1265 975 1306 arrzare
992 1258 1144 1309 vocatur.
1195 1267 1197 1272 ·

180 1347 338 1414 nam'cur
351 1349 448 1436 jussa
465 1349 569 1433 patris
588 1349 729 1412 nimium
749 1350 831 1412 mihi
849 1351 934 1414 dura
950 1350 1128 1415 videntur?

180 1470 258 1521 sunt
283 1478 418 1542 quoque
443 1456 528 1519 dura
554 1457 666 1520 nimis.
717 1454 801 1532 Cur,
828 1478 930 1542 quem
957 1457 1057 1522 modo
1081 1457 1229 1544 denique

316 1563 397 1636 Vldl,
1199 1596 1228 1652 ις

180 1690 223 1733 ne
241 1681 369 1754 pereat,
387 1668 512 1734 timeo?
537 1691 625 1756 quae
641 1669 724 1735 tanti
743 1690 847 1734 causa
864 1669 1015 1736 timoris?

180 1789 302 1840 excute
318 1775 474 1861 virgineo
491 1791 675 1861 conceptas
694 1792 829 1862 pectore
846 1776 1017 1853 flammas,

180 1882 207 1947 si
225 1897 332 1968 poteS,
352 1883 482 1947 infelix.
533 1883 570 1947 si
589 1906 739 1968 possem,
758 1885 873 1948 sanior
889 1906 1022 1948 essem:

180 1992 240 2055 sed
257 2002 379 2077 gravat
396 1992 534 2055 invitam
553 2014 641 2056 nova
657 1993 729 2064 vis3
756 1992 915 2078 aliudque
933 1991 1070 2076 cupid0‚

180 2119 276 2162 mens
294 2098 386 2162 aliud
403 2099 534 2163 suadet.
583 2097 694 2162 Video
713 2099 866 2172 meliora,
886 2099 1081 2184 proboque:
1196 2129 1231 2170 20

179 2205 346 2270 deteriora
364 2228 499 2292 sequor.
551 2203 645 2290 Qid
663 2207 696 2268 in
715 2206 859 2289 hospite,
878 2205 974 2292 regia
993 2206 1102 2292 virg0,

179 2313 300 2388 ureris,
319 2326 351 2379 et
367 2316 536 2378 thalamos
555 2313 656 2376 alieni
674 2313 827 2398 concipis
845 2310 959 2376 orbis?
1058 2371 1064 2384 ,

179 2420 266 2484 haec
291 2441 425 2507 quoque
451 2433 540 2484 terra
568 2431 689 2505 potest,
714 2420 805 2506 quod
831 2440 938 2494 ames,
965 2419 1060 2482 dare.
1108 2415 1226 2494 Vivat,

314 2548 355 2591 an
374 2527 431 2591 ille

178 2632 324 2706 occidat,
342 2633 376 2696 in
394 2633 446 2698 dis
464 2644 525 2697 est.
574 2632 679 2698 Vivat
694 2645 830 2697 tamen:
855 2632 957 2719 idque
976 2631 1106 2717 precari

178 2740 231 2802 vel
250 2742 322 2804 sine
340 2761 455 2805 amore
473 2741 563 2806 licet.
614 2739 708 2822 Quid
727 2740 817 2804 enirn
836 2739 1004 2804 commisit
1022 2735 1151 2803 Iason?
1193 2768 1227 2824 25

177 2866 292 2930 quem,
311 2845 375 2911 nisi
393 2847 581 2921 crudelem,
600 2869 668 2910 non
685 2857 803 2932 tangat
821 2845 953 2910 Iasonis
971 2858 1065 2909 aetas

177 2964 210 3014 et
226 2973 336 3038 genus
353 2964 385 3017 et
401 2951 528 3017 virtus?
552 2974 653 3039 quem
672 2975 753 3026 non,
773 2964 808 3016 ut
824 2964 936 3016 cetera
953 2952 1076 3027 desint,

177 3078 235 3122 ore
254 3080 389 3124 movere
407 3057 537 3144 potest?
561 3073 650 3123 certe
668 3081 744 3122 mea
761 3071 897 3143 pectora
916 3058 1031 3123 movit.

223 3162 293 3228 ‘At
309 3165 372 3229 nisi
390 3187 490 3250 opem
507 3166 627 3240 tulero,
647 3177 819 3229 taurorum
838 3164 1018 3230 adflabitur
1033 3185 1106 3241 ore,

176 3279 422 3357 concurretque¹
439 3293 521 3336 suae
540 3272 665 3359 segetis
682 3273 801 3335 tellure
819 3272 941 3336 creatis
1190 3301 1225 3356 30

176 3375 342 3452 hostibus,
362 3389 418 3441 aut
436 3378 536 3442 avido
554 3377 688 3442 dabitur
705 3378 776 3441 sera
794 3379 922 3463 praeda
940 3377 1094 3443 draconi.

143 3521 147 3528 -
176 3481 242 3546 hoc
259 3505 324 3570 ego
341 3483 370 3548 si
387 3483 508 3568 patiar,
527 3496 596 3547 turn
616 3505 670 3548 me
687 3485 729 3549 de
746 3483 869 3571 tigride
886 3495 1015 3560 natam,

175 3598 245 3652 tum
262 3589 389 3654 serrum
406 3602 438 3654 et
455 3591 613 3674 scopulos
630 3602 765 3676 gestare
782 3589 816 3653 in
834 3591 936 3654 corde
953 3590 1095 3655 fatebor.

176 3713 236 3756 cur
253 3716 321 3758 non
338 3706 371 3761 et
386 3708 502 3779 specto
519 3708 732 3780 pereuntem,
751 3697 936 3781 oculosque
953 3695 1103 3762 videndo

175 3799 394 3864 conscelero?
418 3821 478 3865 cur
494 3822 564 3865 non
579 3810 694 3865 tauros
711 3801 871 3866 exhortor
887 3801 922 3864 in
939 3801 1048 3877 illum,
1189 3833 1222 3889 35

174 3902 431 3991 terrigenasque
447 3905 551 3982 semo,
569 3905 819 3994 insopitumque
836 3906 1044 3973 draconem?
