2752 4350
205 200 247 268 14
384 198 409 245 ι.
450 178 521 246 The
549 177 714 246 Creatzbn
738 179 812 245 and
832 178 889 245 the
910 177 1038 246 Flood.
1114 195 1261 268 [Marum

203 375 376 443 intremuit
391 386 553 463 motuque
569 374 643 442 vias
659 376 819 462 patefecit
836 397 1017 464 aquarum.

155 467 181 547 ἓ
204 463 377 594 egbatiata
393 495 497 548 ruunt
512 504 574 569 per
590 495 725 570 apertos
741 483 885 548 flumina
901 504 1057 570 campos,
1206 501 1261 569 285
1353 473 1354 492 ³

204 577 352 682 cu‘mque
369 590 450 670 satis
468 591 606 656 arbusta
624 589 725 655 simul
743 590 963 677 pecudesque
980 589 1140 677 virosque

204 708 374 784 tectaque,
394 716 543 782 cumque
560 695 630 761 suis
646 697 784 781 rapiunt
798 696 987 782 penetralia
1003 697 1124 763 sacris.

205 805 303 892 siqua
320 804 442 870 domus
459 802 596 878 mansit,
615 802 791 890 potuitque
807 802 963 869 resistere
979 813 1074 870 tanto
1118 851 1119 854 ,

204 910 374 999 indejecta
392 911 496 986 malo,
515 910 653 975 culmen
669 919 785 974 tamen
802 909 901 976 altior
917 909 1019 997 hujus

204 1019 298 1083 unda
314 1017 411 1105 tegit,
429 1037 638 1103 pressaeque
654 1017 760 1081 latent
776 1016 839 1082 sub
855 1016 994 1104 gurgite
1009 1011 1148 1083 turres,
1208 1047 1263 1104 290

245 1124 394 1212 Jamque
410 1144 505 1188 mare
516 1132 554 1187 'et
569 1122 669 1187 tellus
686 1122 819 1187 nullum
835 1122 1019 1188 discrimen
1037 1122 1235 1188 habebant:
1353 1187 1354 1198 ,

205 1231 322 1296 omnia
338 1241 462 1317 pontus
479 1240 572 1304 erat;
596 1228 739 1294 deerant
754 1249 892 1315 quoque
907 1229 1006 1310 litora
1021 1239 1140 1315 ponto.

206 1348 353 1422 occupat
368 1338 425 1402 hic
441 1335 586 1411 collem;
611 1335 736 1421 cymba
753 1335 849 1400 sedet
865 1330 950 1400 alter
967 1335 1115 1412 adunca,
1141 1413 1143 1417 ¹

206 1455 241 1510 et
255 1444 347 1510 ducit
364 1465 476 1510 remos
493 1443 577 1518 illic,
595 1441 652 1507 ubi
669 1462 779 1526 nuper
796 1452 910 1506 ararat
920 1463 930 1517 ;
971 1487 973 1492 -

206 1550 265 1616 ille
281 1570 385 1636 super
401 1559 535 1637 segetes
552 1560 610 1614 aut
625 1568 759 1613 mersae
776 1548 928 1613 culmina
943 1548 1047 1614 villae
1208 1575 1262 1637 295

207 1656 369 1744 navigat3
394 1656 451 1720 hic
466 1675 600 1720 summa
617 1654 748 1740 piscem
765 1654 946 1740 deprendit
961 1654 997 1718 in
1013 1655 1120 1720 ulmo.

207 1763 324 1851 figitur
339 1762 374 1828 in
390 1762 503 1837 viridi,
522 1761 550 1828 si
566 1762 636 1828 fors
651 1761 740 1837 tulit,
758 1762 909 1827 anchora
926 1772 1037 1846 prato,

209 1881 267 1935 aut
282 1868 434 1957 subjecta
450 1879 563 1934 terunt
578 1889 704 1933 curvae
720 1867 834 1932 vineta
851 1866 1002 1933 carinae.

56 2018 75 2046 «
165 2023 167 2028 ·
208 1987 253 2051 et,
272 1976 374 2042 modo
389 1996 457 2062 qua
474 1974 621 2061 graciles
638 1994 782 2063 gramen
800 1992 960 2058 carpsere
977 1973 1146 2065 capellae,
1353 2049 1354 2058 χ

181 2059 301 2149 inune
317 2082 363 2148 ibi
380 2080 550 2148 deformes
565 2093 697 2168 ponunt
713 2101 775 2146 sua
792 2101 936 2166 corpora
951 2082 1098 2167 phocae.
1210 2111 1265 2167 300

207 2189 374 2254 mirantur
390 2189 454 2256 sub
471 2209 561 2276 aqua
577 2188 674 2255 lucos
689 2188 859 2275 urbesque
875 2187 1066 2276 domosque

208 2295 378 2361 Nereides
391 2319 399 2371 ;
425 2295 597 2383 silvasque
612 2306 728 2360 tenent
743 2293 939 2381 delphines,
958 2305 991 2360 et
1007 2295 1083 2362 altis

180 2403 384 2477 ‚incursant
399 2401 516 2477 ramis,
536 2401 731 2488 agitataque
748 2401 872 2468 robora
888 2401 1036 2487 pulsant.

208 2518 269 2573 nat
284 2509 385 2593 lupus
401 2507 489 2572 inter
505 2528 599 2584 oves,
618 2508 730 2574 fulvos
746 2508 840 2573 vehit
856 2509 948 2575 unda
965 2510 1096 2586 leoneS,

208 2615 302 2680 unda
319 2615 412 2683 vehit
426 2615 552 2702 tigres3
579 2635 643 2680 nec
659 2615 749 2681 vires
765 2615 919 2682 fulminis
935 2636 1032 2702 apro,

210 2741 310 2787 crura
326 2740 392 2785 nec
408 2721 520 2785 ablato
536 2732 678 2807 prosunt
693 2721 826 2788 velocia
843 2743 959 2790 cervo.

209 2827 440 2916 quaesitisque
457 2827 514 2893 diu
531 2826 641 2904 terris,
660 2828 718 2894 ubi
735 2829 854 2895 sistere
871 2830 981 2906 detur,

209 2937 244 3000 in
263 2957 356 3001 mare
373 2934 507 3001 lassatis
523 2934 672 3001 volucris
688 2957 780 3025 vaga
797 2936 923 3003 decidit
939 2935 1015 3002 alis.

209 3043 369 3109 obruerat
384 3042 532 3108 tumulos
548 3043 718 3108 immensa
735 3043 873 3110 licentia
890 3042 998 3129 ponti,

209 3149 458 3236 pulsabantque
474 3149 554 3215 novi
572 3161 734 3216 montana
751 3150 932 3216 cacumina
947 3149 1082 3216 fluctus.

210 3255 362 3320 maxima
378 3276 459 3340 pars
475 3256 568 3322 unda
584 3256 735 3342 rapitur3
760 3257 885 3345 quibus
901 3257 995 3325 unda
1012 3254 1178 3344 pepercit,

210 3361 287 3427 illos
303 3362 408 3448 longa
426 3362 568 3428 domant
584 3363 677 3449 inopi
690 3363 823 3452 jejunia
840 3363 946 3429 victu.

255 3468 403 3554 Separat
418 3467 551 3538 Aonios
568 3470 707 3537 Oetaeis
723 3469 849 3536 Phocis
866 3471 910 3536 ab
926 3469 1030 3547 arvis,

209 3585 300 3641 terra
317 3575 426 3653 feraX,
446 3578 528 3644 dum
545 3587 635 3643 terra
651 3577 734 3642 fuit:
759 3576 820 3642 sed
836 3587 991 3663 tempore
1007 3577 1044 3642 in
1058 3575 1118 3642 illo

211 3703 291 3768 pars
308 3683 413 3750 maris
430 3694 463 3749 et
479 3685 567 3750 latus
584 3683 773 3749 subitarum
790 3703 935 3768 campus
952 3703 1129 3770 aquarum.
1210 3711 1263 3770 3¹5

211 3810 310 3854 mons
325 3788 373 3853 ibi
389 3790 571 3854 verticibus
588 3789 669 3874 petit
685 3789 813 3854 arduus
830 3799 920 3854 astra
935 3790 1081 3865 duobus,

211 3895 350 3961 nomine
367 3893 554 3971 Parnasus,
572 3905 803 3981 superantque
818 3895 999 3960 cacumina
1015 3895 1135 3961 nubes.
