2790 4356
188 242 349 315 X11.139.]
531 229 650 295 Death
674 231 722 314 of
740 229 893 318 Cygnus

189 443 343 509 quasque
357 422 365 451 ’
382 423 428 488 ait
446 435 548 491 ‘ante
565 426 684 491 habuit
699 427 802 503 vires,
820 425 940 490 effudit
955 425 990 489 in
1007 421 1098 489 uno?

189 548 270 590 nam
287 539 378 593 certe
394 530 499 607 valui,
518 532 573 595 vel
590 552 668 596 cum
686 532 857 618 Lyrnesia
874 532 1005 617 primus

189 631 326 694 moe-nia
343 632 464 718 dejeci,
483 635 538 699 vel
555 655 632 699 cum
649 634 889 721 Tenedonque
904 655 1035 721 suoque

190 735 373 804 Eetioneas
389 740 527 825 implevi
546 742 714 828 sanguine
731 741 894 816 Thebas;

189 843 244 907 vel
261 864 340 907 cum
357 866 548 931 purpureus
565 847 721 932 populari
738 847 844 912 caede
862 842 1002 933 Ca'ycus

189 948 300 1024 fiuxit,
318 972 472 1039 opusque
489 975 586 1019 meae
602 954 654 1019 bis
672 953 777 1018 sensit
792 953 972 1037 Telephus
990 956 1117 1021 hastae.

190 1056 247 1120 hic
262 1078 397 1144 quoque
415 1070 461 1123 tot
477 1060 599 1134 caesis,
617 1081 762 1146 quorum
780 1081 842 1146 per
858 1060 936 1126 litus
954 1083 1094 1129 acervos

190 1174 223 1227 et
239 1162 317 1239 feci,
336 1175 369 1229 et
384 1165 497 1241 video,
515 1167 623 1231 valuit
639 1188 715 1231 mea
732 1167 852 1231 dextra
870 1155 1051 1254 valetque!

235 1268 341 1346 Dixit,
360 1282 404 1346 et,
425 1285 502 1336 ante
520 1273 603 1338 actis
620 1274 722 1337 veluti
742 1273 831 1337 male
849 1276 1013 1350 crederet,
1033 1269 1166 1342 hastam
1190 1309 1216 1347 11
1222 1307 1237 1362 ς

190 1376 280 1442 misit
296 1377 330 1441 in
348 1380 529 1444 adversum
547 1377 658 1466 Lycia
675 1381 718 1444 de
736 1381 835 1464 plebe
853 1380 1051 1458 Menoeten,

189 1484 399 1572 loricamque
416 1485 516 1551 simul
534 1487 755 1575 subjectaque
772 1500 910 1573 pectora
928 1489 1030 1576 rupit.

188 1613 257 1678 quo
273 1592 459 1679 plangente
476 1614 619 1680 gravem
639 1594 841 1680 moribundo
857 1595 982 1660 vertice
999 1608 1138 1674 terram,

190 1699 337 1763 extrahit
352 1699 437 1764 illud
453 1700 545 1764 idem
562 1701 674 1767 calido
692 1703 734 1766 de
751 1701 893 1767 vulnere
909 1703 1027 1776 telum,

190 1817 290 1900 atque
308 1804 375 1870 ait:
394 1817 403 1846 ‘
421 1806 520 1872 Haec
536 1828 660 1872 manus
676 1819 738 1885 est,
758 1808 857 1885 haec,
875 1830 943 1896 qua
962 1810 1063 1875 modo
1079 1810 1236 1886 vicimum

325 1914 444 1989 hasta3
529 1906 535 1914 ’
1191 1949 1241 1987 120

188 2031 266 2086 utar
281 2020 317 2085 in
334 2023 399 2087 hoc
415 2022 546 2089 isdem:
570 2023 613 2088 sit
628 2022 664 2102 in
686 2023 752 2088 hoc
769 2043 891 2108 precor
906 2023 1018 2088 exitus
1033 2022 1150 2088 idem.’

94 2135 98 2142 '
190 2130 240 2194 sic
257 2130 357 2205 latur,
375 2128 608 2218 Cygnumque
626 2130 728 2216 petit;
753 2152 818 2196 nec
836 2131 989 2196 fraxinus
1007 2141 1110 2206 errat,

189 2235 292 2323 inque
310 2238 453 2302 humero
469 2238 581 2303 sonuit
597 2260 665 2302 non
683 2238 806 2303 evitata
824 2236 982 2302 sinistro:

190 2343 269 2409 inde
285 2345 380 2410 velut
396 2367 493 2409 muro
510 2345 687 2431 solidaque
705 2366 725 2409 a
742 2355 841 2409 caute
858 2344 995 2430 repulsa
1013 2352 1075 2408 est.

190 2473 258 2539 qua
274 2462 388 2516 tamen
405 2451 491 2517 ictus
508 2462 593 2526 erat,
612 2451 786 2538 signatum
803 2450 973 2537 sanguine
990 2448 1155 2538 Cygnum
1191 2478 1238 2535 1²5

189 2560 333 2636 viderat,
352 2571 385 2625 et
401 2560 524 2624 lrustra
540 2559 651 2624 fuerat
667 2557 808 2645 gavisus
825 2555 993 2622 Achilles.

188 2666 314 2733 vulnus
330 2677 404 2732 erat
419 2667 573 2730 nullum:
599 2664 742 2752 sanguis
759 2675 832 2728 erat
847 2664 905 2729 ille
923 2662 1120 2729 Menoetae.

235 2773 327 2838 Tum
344 2796 425 2838 vero
442 2794 608 2858 praeceps
625 2793 728 2837 curru
744 2770 989 2835 fremebundus
1006 2770 1049 2854 ab
1066 2771 1134 2836 alto

191 2882 314 2959 desilit,
332 2892 365 2947 et
382 2882 487 2946 nitido
504 2902 663 2946 securum
681 2879 837 2943 cominus
855 2878 988 2942 hostem

191 3012 272 3056 ense
289 3001 422 3076 petens,
440 3010 595 3075 parmam
613 2985 729 3074 gladio
747 2984 953 3073 galeamque
970 2983 1087 3047 cavari
1192 3015 1241 3069 130

190 3097 310 3172 cernit,
329 3108 363 3162 at
378 3097 413 3161 in
430 3097 515 3162 duro
532 3095 621 3162 laedi
638 3114 774 3182 quoque
792 3111 934 3176 corpore
951 3090 1091 3155 ferrum.

190 3205 283 3269 haud
300 3205 375 3270 tulit
390 3204 543 3280 ulterius,
563 3203 742 3288 clipeoque
761 3199 905 3264 adversa
923 3208 1050 3263 retecto

191 3323 241 3377 ter
257 3324 376 3398 quater
392 3333 452 3377 ora
468 3310 530 3375 viri
548 3321 580 3375 et
596 3310 720 3395 capulo
738 3329 823 3373 cava
840 3320 994 3392 tempora
1011 3305 1144 3390 pulsat3

191 3419 393 3506 cedentique
409 3439 556 3504 sequens
573 3416 687 3491 instat,
706 3417 900 3502 turbatque,
919 3411 1067 3499 ruitque,

191 3529 398 3614 attonitoque
415 3535 520 3613 negat
536 3523 702 3611 requiem.
751 3523 863 3589 Pavor
879 3531 1025 3606 occupat
1041 3518 1159 3582 illum:
1193 3548 1240 3604 135

191 3648 270 3702 ante
286 3635 472 3719 oculosque
490 3642 607 3696 natant
622 3632 797 3706 tenebrae,
817 3643 972 3716 retroque
989 3626 1111 3693 serenti

192 3764 331 3808 aversos
348 3763 469 3826 passus
487 3739 599 3804 medio
616 3738 704 3823 lapis
720 3736 846 3803 obstitit
863 3758 956 3801 arvo.

191 3871 294 3937 quem
312 3869 415 3933 super
430 3847 615 3932 impulsum
633 3844 793 3929 resupino
810 3854 946 3928 pectore
963 3842 1128 3932 Cygnum

191 3957 227 4022 vi
243 3957 349 4021 multa
365 3955 476 4030 vertit,
493 3964 671 4038 terraeque
688 3949 820 4015 adflixit
834 3948 1002 4015 Achilles.
