2790 4356
171 279 233 327 112
493 257 564 324 The
593 257 711 348 Chirss
734 265 772 322 at
802 256 907 342 Troy.
1077 275 1219 345 [Merme

169 457 278 524 attulit
294 456 329 521 in
345 454 505 543 patriam,
523 455 789 542 conjurataeque
806 465 994 540 sequuntur

168 566 261 630 mille
278 575 381 638 rates,
399 562 578 651 gentisque
595 561 696 626 simul
714 578 896 627 commune
913 559 1096 648 Peiasgae.

168 692 232 737 nec
249 670 353 736 dilata
369 668 455 735 soret
469 669 632 745 vindicta,
651 666 716 732 nisi
734 688 883 754 aequora
900 667 994 731 saevi

168 778 261 842 invia
273 777 434 843 fecissent
449 775 553 851 venti,
572 773 769 860 Boeotaque
786 773 887 838 tellus

168 883 296 950 Aulide
313 884 448 970 piscosa
465 903 598 968 puppes
615 881 779 946 tenuisset
794 880 912 947 ituras.
1189 916 1221 957 10

215 993 284 1058 Hic
300 991 409 1078 patrio
426 992 468 1057 de
486 1012 578 1056 more
590 989 668 1076 Jovi
686 1010 764 1054 curn
783 1011 882 1056 sacra
899 1005 1090 1078 parassent,

168 1111 207 1165 ut
221 1110 319 1164 vetus
335 1097 490 1164 accensis
507 1097 683 1162 incanduit
699 1095 838 1193 ignibus
855 1118 928 1175 ara,

170 1226 308 1292 serpere
324 1206 521 1270 caeruleum
539 1202 654 1266 Danai
671 1200 787 1268 videre
805 1204 989 1270 draconem

170 1312 204 1378 in
222 1313 413 1399 platanum,
432 1309 561 1395 coeptis
577 1331 667 1396 quae
685 1310 795 1375 stabat
812 1312 968 1396 proxima
986 1310 1105 1378 sacris.

170 1420 271 1484 nidus
288 1429 360 1484 erat
375 1417 553 1484 volucrum
569 1417 623 1480 bis
640 1428 798 1503 quattuor
815 1420 936 1485 arbore
954 1441 1100 1495 summa,
1189 1447 1219 1506 ις

170 1547 256 1612 quas
273 1525 373 1590 simul
391 1534 424 1588 et
440 1535 581 1588 matrem
601 1524 728 1589 circum
746 1544 808 1589 sua
824 1526 950 1591 damna
968 1528 1138 1592 volantem

170 1632 332 1719 corripuit
350 1653 504 1717 serpens,
524 1632 694 1718 avidaque
712 1632 927 1697 abscondidit
944 1633 1033 1698 alvo.

171 1741 375 1824 obstupuere
392 1759 524 1803 omnes.
572 1736 620 1803 At
637 1738 707 1803 veri
724 1739 886 1825 providus
903 1761 1015 1827 augur

170 1845 395 1912 Thestorides
413 1845 642 1911 ‘Vincemus’
659 1845 717 1922 ait,
738 1847 921 1934 ‘gaudete‚
940 1845 1101 1934 Pelasgi:

171 1953 278 2041 Troja
295 1953 415 2029 cadet3
440 1954 501 2019 sed
517 1953 580 2018 erit
595 1952 700 2018 nostri
718 1974 813 2018 mora
831 1954 935 2040 longa
952 1953 1078 2019 laboris
1089 1955 1119 2029 ς’
1187 1987 1221 2025 20

172 2072 273 2148 atque
290 2082 414 2127 novem
432 2060 588 2126 volucres
605 2058 639 2123 in
656 2059 737 2124 belli
755 2059 880 2146 digerit
896 2081 1017 2126 annos.

171 2169 243 2246 ille,
260 2180 298 2234 ut
314 2180 398 2246 erat,
416 2167 543 2232 virides
560 2166 739 2252 amplexus
756 2165 791 2230 in
809 2167 929 2232 arbore
945 2185 1060 2233 ramos

100 2275 105 2284 '
171 2277 209 2342 fit
224 2277 325 2364 lapis,
344 2287 377 2343 et
393 2285 532 2362 superat
548 2271 713 2358 serpentis
731 2272 882 2361 imagine
899 2295 1041 2358 saxum..

217 2383 402 2449 Permanet
417 2381 541 2448 Aoniis
557 2379 693 2445 Nereus
709 2379 878 2446 violentus
895 2381 930 2445 in
946 2381 1060 2458 undis,

171 2489 332 2578 bellaque
349 2512 417 2555 non
435 2489 613 2561 transsert;
639 2498 673 2551 et
689 2497 778 2562 sunt,
797 2487 854 2574 qui
872 2509 1013 2573 parcere
1029 2488 1157 2578 Trojae
1188 2516 1222 2575 25

173 2596 375 2683 Neptunum
393 2599 547 2673 credant,
565 2596 646 2683 quia
665 2595 799 2662 moenia
816 2597 943 2661 fecerat
959 2597 1046 2661 urbi.

174 2715 209 2769 at
224 2724 292 2769 non
309 2702 554 2769 Thestorides:
580 2723 645 2769 nec
662 2702 753 2768 enim
772 2703 921 2768 nescitve
938 2713 1083 2780 tacetve,

173 2810 343 2897 sanguine
360 2809 515 2897 virgineo
532 2810 739 2896 placandam
756 2809 899 2896 virginis
916 2809 1003 2874 iram

174 2938 249 2983 esse
266 2917 364 2982 deae.
413 2916 598 3004 Postquam
616 2917 776 3004 pietatem
793 2916 931 3001 publica
947 2937 1065 2992 causa,

173 3045 303 3110 rexque
320 3035 450 3110 patrem
467 3025 560 3100 vicit,
578 3036 778 3111 castumque
796 3017 914 3088 datura
933 3044 1089 3088 cruorem
1190 3049 1225 3108 30

173 3130 332 3195 fientibus
349 3141 427 3195 ante
445 3151 538 3194 aram
557 3131 646 3195 stetit
662 3127 846 3218 Iphigenia
865 3127 1039 3207 ministriS,

174 3236 262 3300 victa
279 3235 344 3300 dea
361 3246 424 3311 est,
442 3236 636 3322 nubemque
653 3237 760 3302 oculis
778 3235 914 3326 objecit,
934 3246 966 3301 et
982 3233 1070 3301 inter

174 3342 323 3408 officium
339 3342 541 3429 turbamque
559 3342 647 3408 sacri
664 3365 834 3431 vocesque
851 3353 1053 3429 precantum

174 3449 350 3534 subposita
366 3448 471 3513 fertur
487 3461 636 3515 mutasse
653 3449 842 3537 Mycenida
860 3471 974 3516 cerva.

175 3577 259 3643 ergo
275 3555 347 3632 ubi,
365 3576 432 3642 qua
450 3555 576 3632 decuit,
593 3556 697 3621 lenita
714 3568 764 3622 est
781 3558 887 3623 caede
905 3556 1034 3634 Diana,
1192 3588 1224 3643 35

175 3671 208 3725 et
224 3662 350 3746 pariter
365 3660 536 3737 Phoebes,
555 3661 680 3747 pariter
698 3663 800 3728 maris
817 3663 867 3727 ira
884 3663 1024 3731 recessit
1034 3684 1045 3740 ς

176 3765 347 3850 accipiunt
362 3778 480 3832 ventos
498 3787 517 3831 a
533 3778 631 3854 tergo
649 3768 740 3832 mille
758 3771 909 3848 carinae,

176 3872 349 3958 multaque
366 3893 550 3958 perpessae
567 3872 722 3961 Phrygia
738 3875 912 3960 potiuntur
928 3897 1043 3944 arena.

222 3975 315 4042 Orbe
331 3977 427 4043 locus
443 3977 557 4044 medio
573 3989 624 4044 est
639 3979 725 4044 inter
741 3990 915 4071 terrasque
932 3985 1124 4075 fretumque
