2752 4350
198 211 243 278 30
393 212 432 258 11.
472 192 544 259 Tae
565 190 772 259 Adventare
794 195 842 278 of
855 191 1049 258 Phaethon.
1103 207 1248 280 [Menan.

197 391 317 467 credit,
336 402 372 455 ut
388 389 511 478 injuste
528 390 624 455 missi
641 412 771 455 memor
787 391 879 477 ignis
896 391 939 455 ab
956 390 1036 456 illo:

107 552 111 558 .
198 510 321 584 stagna
338 498 420 584 petit
437 498 638 583 patulosque
655 499 764 572 lacus,
784 497 969 584 ignemque
987 519 1143 582 perosuS,

196 625 285 691 quae
302 605 404 678 colat,
423 603 528 690 elegit
544 585 712 668 contraria
728 603 870 666 flumina
886 603 1046 667 flammis.
1196 621 1249 688 380

243 710 430 796 Squalidus
447 710 576 773 interea
594 710 728 796 genitor
744 709 980 784 Phaethontis,
999 720 1032 774 et
1048 730 1171 796 expers

196 817 269 902 ipse
287 817 339 881 sui
356 816 501 892 decoris,
520 817 631 901 qualis
648 837 725 880 cum
743 815 858 880 deficit
874 817 992 880 orbem

196 944 271 989 esse
288 923 386 998 solet,
403 923 584 1008 lucemque
601 922 672 986 odit
687 942 792 1007 seque
807 921 881 1006 ipse
898 922 1072 1008 diemque,

196 1030 321 1115 datque
339 1029 491 1092 animum
506 1027 542 1091 in
559 1029 683 1104 luctus,
701 1038 735 1093 et
750 1027 897 1092 luctibus
913 1028 1016 1092 adicit
1030 1028 1132 1104 iram,

141 1137 143 1140 ’
195 1135 413 1220 officiumque
429 1144 534 1221 negat
550 1135 692 1198 mundo.
743 1133 1001 1221 ‘Satis’inquit
1017 1136 1080 1201 ‘ab
1097 1134 1174 1201 aevi
1196 1153 1249 1220 385

196 1264 268 1306 sors
286 1262 362 1306 mea
380 1241 555 1328 principiis
572 1240 635 1305 fuit
650 1240 853 1327 inrequieta,
873 1241 1035 1328 pigetque

196 1361 348 1413 actorum
366 1349 440 1412 sine
456 1349 524 1412 fine
542 1347 638 1423 mihi,
657 1347 730 1412 sine
748 1348 877 1412 honore
894 1348 1062 1413 laborum.

195 1456 336 1541 quilibet
353 1456 436 1519 alter
453 1458 536 1541 agat
551 1464 723 1539 portantes
741 1454 870 1518 lumina
889 1475 1029 1518 currus:

195 1563 223 1626 si
241 1583 342 1626 nemo
360 1572 422 1636 est,
441 1582 628 1647 omnesque
645 1561 701 1625 dei
718 1581 786 1626 non
797 1582 903 1646 posse
921 1560 1080 1637 fatentur,

195 1669 267 1753 ipse
286 1678 388 1755 agat3
412 1677 449 1731 ut
465 1668 599 1742 saltem,
617 1668 699 1731 dum
718 1678 850 1731 nostras
867 1678 1008 1752 temptat
1024 1668 1191 1746 habenae,

194 1776 353 1840 orbatura
370 1785 483 1860 patres
501 1774 686 1860 aliquando
702 1773 846 1837 fulmina
863 1784 979 1859 ponat.

142 1864 146 1870 ¹
193 1893 265 1946 tum
282 1882 377 1956 sciet,
396 1880 597 1968 ignipedum
615 1880 703 1967 vires
722 1892 881 1966 expertus
898 1901 1077 1967 equorum,

194 2011 262 2055 non
280 1989 444 2054 meruisse
462 2009 595 2064 necem,
614 1988 672 2075 qui
689 2010 758 2054 uon
775 1989 863 2054 bene
879 1989 1005 2054 rexerit
1020 1986 1121 2056 illos!

238 2096 340 2161 Talia
358 2096 525 2161 dicentem
544 2095 764 2160 circumstant
779 2093 896 2159 omnia
914 2094 1032 2160 Solem

192 2201 348 2277 numina,
366 2222 453 2266 neve
470 2200 551 2266 velit
568 2200 726 2265 tenebras
743 2199 906 2264 inducere
923 2200 1038 2276 rebus,
1191 2231 1243 2289 395

193 2309 348 2395 supplice
365 2330 449 2374 voce
467 2318 610 2396 rogant3
637 2306 758 2394 missos
776 2328 911 2394 quoque
923 2307 1081 2392 Juppiter
1097 2305 1215 2397 ignes

193 2428 346 2491 excusat,
365 2417 591 2503 precibusque
609 2416 720 2481 minas
736 2415 898 2504 regaliter
909 2413 1017 2480 addit.

193 2523 323 2611 colligit
339 2534 491 2588 amentes
508 2534 541 2588 et
557 2525 672 2589 adhuc
687 2535 815 2590 terrore
832 2534 996 2610 paventes

191 2630 353 2696 Phoebus
371 2652 489 2717 equos,
509 2631 711 2718 stimuloque
729 2632 873 2697 domans
890 2641 923 2696 et
938 2631 1080 2697 verbere
1097 2632 1230 2700 caedit:

192 2737 300 2803 saevit
315 2737 419 2814 enim,
438 2749 623 2824 natumque
641 2738 787 2826 objectat
803 2750 837 2805 et
852 2738 996 2825 imputat
1011 2738 1090 2805 illis.
1187 2769 1242 2824 400
