2752 4350
152 251 330 324 VIII-⁴15]
437 233 509 302 The
541 234 634 301 Wr’ld
652 211 756 301 Bodr
779 243 817 299 at
838 233 934 320 Bay.
1161 231 1205 315 83

153 442 223 506 fixa
241 440 304 507 s'ub
321 460 404 505 aure
421 441 484 506 seri
501 462 673 507 summum
692 439 871 527 destringit
888 440 1018 506 arundo

154 569 291 632 corpus,
310 559 343 611 et
359 546 487 634 exiguo
503 547 669 613 rubefecit
684 547 853 634 sanguine
871 559 996 612 saetas.

154 675 221 720 nec
236 667 348 719 tamen
365 653 425 717 illa
442 653 495 718 sui
512 673 675 719 successu
689 653 807 718 laetior
824 653 922 726 ictus,

153 782 257 847 quam
275 760 474 847 Meleagros
490 770 575 824 erat.
624 759 761 824 Primus
777 759 903 824 vidisse
921 771 1069 844 putatur,
1155 777 1205 844 385

154 879 189 932 et
204 868 333 952 primus
349 867 449 933 sociis
465 866 576 931 visum
594 866 782 931 ostendisse
801 885 970 940 cruorem,
1078 928 1082 934 ,

111 1018 113 1023 -
155 987 189 1039 et
206 974 410 1039 ‘Meritum’
428 973 554 1040 dixisse
574 972 688 1036 ‘seres
705 971 836 1036 virtutis
853 972 1039 1036 honorem!

155 1081 321 1146 erubuere
338 1081 413 1155 viri,
432 1101 536 1168 seque
554 1081 790 1155 exhortantur,
809 1089 842 1142 et
859 1078 989 1143 addunt

155 1209 235 1253 cum
251 1189 399 1252 clamore
417 1187 562 1258 animos,
577 1185 776 1274 jaciuntque
794 1184 867 1250 sine
883 1185 1003 1249 ordine
1020 1184 1108 1248 tela:

154 1295 254 1359 turba
270 1305 369 1360 nocet
381 1294 494 1384 jactis,
512 1305 545 1358 et
560 1313 646 1381 quos
663 1293 758 1376 petit,
776 1290 918 1377 impedit
934 1290 1033 1356 ictus.
1155 1321 1208 1380 390

200 1400 292 1466 Ecce
309 1402 425 1466 furens
442 1413 558 1466 contra
575 1420 638 1465 sua
655 1399 725 1463 sata
740 1398 934 1484 bipennifer
949 1395 1061 1464 Arcas

157 1519 167 1548 ‘
181 1507 323 1582 Discite,
342 1507 497 1574 femineis
513 1507 596 1594 quid
612 1507 680 1571 tela
696 1505 807 1570 virilia
824 1515 1009 1592 praestent,
1080 1594 1082 1598 ι

155 1615 188 1680 Ο
200 1615 358 1703 juvenes,
375 1614 538 1702 operique
556 1635 633 1678 meo
649 1612 846 1678 concedite’
862 1612 968 1686 dixit3

157 1722 253 1806 ‘ipsa
270 1721 340 1786 suis
357 1721 435 1785 licet
452 1722 543 1785 hunc
559 1719 707 1785 Latonia
725 1730 882 1808 protegat
899 1719 1017 1796 armis,

154 1827 260 1892 invita
276 1839 391 1892 tamen
408 1829 500 1892 hunc
518 1827 662 1913 perimet
679 1847 756 1892 mea
774 1827 894 1891 dextra
912 1825 1052 1893 Diana.’
1154 1857 1205 1916 395

153 1935 235 1999 talia
252 1935 475 2022 magniloquo
491 1934 641 1999 tumidus
658 1947 908 1999 memoraverat
923 1955 997 2010 ore,

154 2040 405 2127 ancipitemque
422 2061 526 2104 manu
543 2041 665 2106 tollens
681 2053 825 2128 utraque
843 2041 991 2106 securim

153 2147 318 2212 institerat
334 2147 463 2234 digitis,
481 2147 609 2232 primos
625 2169 813 2232 suspensus
830 2147 865 2212 in
883 2160 988 2213 artus.

152 2265 299 2339 occupat
315 2255 511 2329 audentem,
530 2274 666 2341 quaque
683 2266 735 2319 est
750 2254 806 2318 via
823 2254 981 2339 proxima
997 2254 1078 2330 let0,

153 2382 288 2426 summa
305 2361 396 2425 ferus
413 2359 570 2448 geminos
587 2361 710 2425 direxit
727 2362 770 2425 ad
787 2361 931 2448 inguina
949 2361 1079 2426 dentes.
1151 2392 1205 2445 400

152 2467 301 2533 concidit
316 2464 491 2540 Ancaeus,
510 2468 769 2554 glomerataque
786 2469 957 2556 sanguine
976 2469 1083 2534 multo

151 2575 285 2638 viscera
301 2573 397 2659 lapsa
414 2572 535 2649 fluunt,
555 2573 816 2660 madefactaque
833 2585 922 2640 terra
940 2595 1061 2640 cruore
1078 2586 1140 2642 est.

199 2679 274 2745 Ibat
289 2680 324 2744 in
341 2680 522 2745 adversum
541 2680 654 2765 proles
670 2679 800 2745 Ixionis
819 2682 951 2746 hostem

151 2786 336 2861 Pirithous,
354 2786 469 2851 valida
486 2787 642 2872 quatiens
658 2787 830 2852 venabula
847 2788 980 2853 dextra.

153 2891 208 2956 cui
226 2891 343 2976 procul
359 2889 514 2977 Aegides
531 2889 587 2955 ‘O
603 2910 659 2954 me
675 2890 760 2955 mihi
778 2892 908 2957 carior'
925 2891 1034 2979 inquit
1150 2923 1202 2980 405

153 3009 163 3039 ⁶
179 3018 258 3082 pars
276 2996 410 3061 animae
427 2996 573 3061 consiste
590 2995 710 3062 meael
735 2997 815 3064 licet
831 2997 965 3064 eminus
981 3018 1056 3064 esse

151 3102 315 3168 sortibus:
339 3101 482 3168 Ancaeo
499 3102 615 3168 nocuit
630 3104 812 3169 temeraria
829 3104 960 3169 virtus!

151 3208 250 3283 dixit,
268 3220 302 3273 et
318 3219 432 3274 aerata
448 3209 543 3274 torsit
559 3230 667 3296 grave
684 3211 826 3296 cuspide
843 3232 1006 3286 cornum:

151 3337 219 3402 quo
232 3317 319 3381 bene
333 3318 454 3383 librato
464 3316 601 3404 votique
617 3329 754 3403 potente
771 3319 883 3384 futuro

151 3422 277 3488 obstitit
294 3422 451 3487 aesculea
468 3423 649 3490 frondosus
667 3425 710 3490 ab
727 3426 848 3491 arbore
864 3445 994 3492 ramus.
1150 3455 1204 3509 410

150 3529 242 3594 misit
258 3539 290 3594 et
306 3527 499 3596 Aesonides
512 3530 680 3618 jaculum,
699 3532 790 3618 quod
807 3551 908 3598 casus
925 3531 1043 3598 abillo

149 3635 249 3701 vertit
265 3623 474 3703 in'immeriti
491 3636 597 3702 satum
615 3637 780 3712 latrantis,
800 3649 833 3703 et
848 3639 936 3704 inter

149 3741 209 3807 ilia
226 3742 417 3831 conjectum
433 3743 554 3808 tellure
570 3763 632 3828 per
647 3743 706 3807 ilia
722 3745 830 3809 fixum
846 3755 909 3810 est.

193 3846 242 3915 At
259 3871 382 3914 manus
400 3848 556 3915 Oenidae
573 3845 703 3923 variat'r
730 3852 910 3937 missisque
927 3853 1061 3918 duabus

148 3956 249 4023 hasta
264 3955 357 4042 prior
372 3966 475 4031 terra,
495 3954 607 4020 medio
624 3955 713 4020 stetit
730 3957 836 4022 altera
852 3968 963 4047 tergo.
1149 3990 1181 4042 41
1187 3988 1201 4043 ς

593 4085 642 4140 409
653 4071 705 4130 cui,
719 4070 758 4121 M.
