2790 4356
184 241 249 311 160
559 240 710 306 Sbarter
732 240 868 304 Pocms.
1110 226 1234 323 '[Fasr1

180 442 274 510 Urbs
290 437 450 506 oritur—
462 438 539 525 quis
554 449 635 503 tunc
652 438 718 502 hoc
734 437 795 501 ulli
813 438 954 504 credere
971 432 1107 521 posset?
1118 469 1165 482 -

224 549 401 616 Victorem
416 545 515 610 terris
531 545 732 630 impositura
749 543 885 627 pedem.

180 655 316 724 Cuncta
332 673 448 742 regas,
468 662 500 716 et
516 651 563 716 sis
580 670 709 736 magno
726 649 789 713 sub
806 646 960 714 Caesare
977 668 1136 732 semper:

226 763 340 847 Saepe
357 760 460 826 etiam
477 756 584 843 pluris
601 755 749 820 nominis
766 755 868 843 hujus
886 756 997 829 habe3
1191 767 1244 824 860

181 869 225 936 Et
240 867 397 956 quotiens
414 865 546 932 steteris
563 862 691 928 domito
708 862 864 927 sublimis
881 861 916 926 in
933 862 1029 937 orbe,
1105 865 1108 870 ’

227 973 354 1042 Omnia
370 973 437 1038 sint
453 971 605 1038 humeris
623 968 785 1035 inferiora
800 968 879 1035 tuis.

347 1314 380 1380 3.
405 1293 536 1360 Ritual
554 1301 588 1358 to
612 1301 714 1358 avert
737 1290 865 1380 Bligbt
891 1290 1011 1381 (April
1036 1289 1114 1379 25).

183 1506 308 1651 SEX
323 1506 395 1581 ubi,
413 1526 501 1592 quae
518 1515 657 1580 restant,
677 1504 772 1570 luces
790 1503 921 1589 Aprilis
937 1502 1091 1578 habebit,

287 1613 329 1677 In
346 1613 458 1677 medio
475 1632 576 1676 cursu
595 1623 750 1696 tempora
766 1611 857 1675 veris
874 1621 987 1700 erunt,

183 1718 228 1786 Et
245 1719 367 1784 frustra
384 1717 551 1804 pecudem
568 1739 713 1804 quaeres
729 1715 997 1782 Athamantidos
1015 1715 1151 1792 Helles,

229 1825 407 1914 Signaque
424 1824 506 1889 dant
521 1823 661 1899 imbreS,
680 1824 899 1910 exoriturque
918 1821 1038 1889 Canis.

185 1931 264 1998 Hac
280 1931 364 1997 mihi
380 1929 552 1996 Nomento
568 1930 718 1996 Romam
736 1950 814 1995 cum
831 1932 909 1996 luce
926 1929 1087 2006 redirem,
1190 1960 1242 2022 905

229 2037 365 2104 Obstitit
380 2037 414 2102 in
431 2037 544 2102 media
562 2038 710 2103 candida
725 2037 825 2102 turba
843 2037 899 2102 via
912 2061 921 2114 3

184 2145 330 2211 Flamen
346 2144 381 2208 in
398 2144 557 2231 antiquae
573 2145 688 2209 lucum
705 2127 891 2233 Robiginis
907 2144 991 2222 ibat,

230 2252 320 2317 Exta
336 2251 431 2317 canis
447 2251 606 2326 flammis,
625 2262 704 2316 exta
720 2252 861 2318 daturus
878 2251 963 2318 ovis.

185 2359 342 2425 Protinus
359 2358 501 2432 accessi,
519 2358 601 2422 ritus
618 2379 661 2423 ne
677 2358 814 2424 nescius
830 2379 963 2434 essem;

230 2465 345 2531 Edidit
362 2466 448 2529 haec
464 2464 609 2529 Flamen
625 2464 743 2537 verba,
764 2463 924 2548 Quirine,
942 2477 1043 2532 tuuss
1116 2459 1120 2465 ’
1193 2497 1246 2554 9¹0

184 2569 325 2658 Aspera
341 2570 492 2656 Robigo,
499 2575 633 2656 parcas
656 2570 851 2636 Cerialibus
867 2571 997 2650 herbis,

229 2677 281 2742 Et
296 2684 424 2742 tremat
438 2679 474 2741 iu
491 2698 622 2742 summa
640 2677 714 2742 leve
730 2699 890 2743 cacumen
908 2680 1024 2745 huma.

192 2783 245 2850 Tu
260 2792 338 2850 sata
353 2784 522 2849 sideribus
539 2785 630 2849 caeli
642 2786 779 2850 nutrita
794 2788 940 2852 secundi

236 2891 412 2968 Crescere,
430 2893 510 2956 dum
515 2892 612 2977 fiant
616 2889 777 2976 falcibus
794 2900 892 2980 apta,
911 2895 1018 2960 siuas.

198 2997 255 3064 Vis
271 3007 331 3063 tua
348 3020 415 3062 nou
433 2999 517 3062 levis
534 3006 602 3063 est:
629 3020 718 3085 quae
735 3007 773 3064 tu
784 3004 970 3081 frumenta
987 3001 1127 3080 notasti,
1194 3031 1248 3092 9¹⁵

230 3104 387 3169 Maestus
403 3105 439 3168 iu
457 3106 589 3168 amissis
606 3104 669 3170 illa
687 3107 825 3172 colenus
842 3107 955 3175 babet.

186 3209 265 3277 Nec
279 3211 378 3274 venti
389 3218 523 3275 tautum
546 3210 673 3277 Cereri
686 3235 845 3292 nocuere,
866 3236 929 3282 nec
944 3217 1083 3294 imbres,

230 3314 309 3383 Nec
324 3317 373 3380 sic
388 3339 580 3384 marmoreo
600 3321 716 3406 pallet
731 3321 857 3386 adusta
867 3324 982 3408 gelu,

186 3422 381 3508 Quantum,
399 3425 434 3487 si
445 3425 573 3490 culmos
599 3425 703 3492 Tum
721 3427 903 3511 incalfacit
919 3429 1033 3498 adast.

238 3527 334 3596 iiiuc
349 3529 441 3595 locus
457 3541 506 3596 est
523 3533 612 3608 rrae,
630 3533 714 3596 deira
731 3534 896 3610 timenda,
914 3543 1007 3600 tuae.
1194 3569 1247 3626 9²0

186 3633 313 3712 Parce,
325 3643 468 3724 precor,
487 3638 696 3724 scabrasque
712 3659 834 3703 manus
850 3661 872 3703 a
887 3642 1048 3707 messibus
1064 3644 1183 3728 auser,

231 3739 333 3804 Neue
350 3764 432 3807 uoce
448 3744 569 3808 cultis:
588 3749 692 3830 pesse
708 3764 831 3810 uacere
845 3755 900 3810 sat
916 3755 975 3812 cst.

187 3839 266 3906 Nec
281 3851 418 3908 teneras
434 3853 575 3933 segetes,
585 3847 655 3911 sed
668 3847 794 3910 durum
812 3849 1018 3935 amplectere
1023 3852 1184 3934 serrum,

231 3944 405 4032 Quodque
414 3955 530 4035 potest
545 3951 632 4016 alios
641 3952 808 4039 perdere,
820 3956 934 4042 perde
942 3957 1063 4045 prr'er.
