2790 4356
188 211 251 283 132
353 266 355 272 ,
499 197 534 265 T
527 199 570 264 he
599 198 635 266 T
629 201 684 264 ale
708 202 756 286 (ff
774 199 935 266 Galatea·
1090 214 1235 287 [Marsa.

186 406 366 463 senserunt
381 397 507 487 undae,
556 397 713 464 Latitans
729 420 796 487 ego
812 420 910 484 rupe,
930 396 1066 486 meique

184 503 305 569 Acidis
321 503 356 568 in
373 504 506 592 gremio
522 505 688 581 residem,
708 506 827 589 procul
845 505 983 571 auribus
1000 505 1100 572 hausi

184 610 265 675 talia
282 609 371 675 dicta
388 610 487 685 meis,
505 611 687 698 auditaque
706 623 818 676 mente
835 611 971 676 notavit

230 726 239 757 ‘
256 714 446 782 Candidior
461 715 541 782 folio
558 717 662 792 nivei,
680 716 840 792 Galatea,
859 717 1006 806 ligustri,

183 821 335 888 floridior
350 822 468 907 pratis,
486 823 592 911 longa
609 824 782 909 procerior
799 825 891 900 alno,

184 927 395 1014 splendidior
411 928 508 1004 vitro,
526 941 643 994 tenero
660 929 819 994 lascivior
835 930 961 1008 haedo,

183 1035 291 1100 levior
306 1035 450 1100 adsiduo
466 1036 594 1100 detritis
612 1057 759 1122 aequore
774 1037 929 1114 conchis,

183 1141 311 1207 solibus
328 1141 493 1218 hibernis,
512 1142 641 1207 aestiva
658 1143 787 1230 gratior
803 1144 938 1221 umbra,

182 1249 328 1314 nobilior
336 1249 460 1336 pomis,
471 1249 610 1335 platano
627 1250 842 1336 conspectior
857 1251 937 1330 alta,

182 1356 326 1422 lucidior
342 1356 468 1443 glacie,
487 1366 620 1421 matura
637 1356 769 1421 dulcior
785 1378 866 1435 uva,

182 1462 315 1528 mollior
331 1473 364 1528 et
380 1462 485 1550 cygni
501 1463 626 1548 plumis
644 1472 677 1528 et
692 1464 780 1529 lacte
798 1477 929 1544 coacto,

181 1581 226 1647 et,
244 1569 273 1635 si
289 1589 358 1634 non
374 1569 501 1655 fugias,
520 1569 619 1656 riguo
635 1569 814 1636 formosior
830 1572 926 1638 horto
939 1594 947 1636 ε
959 1609 1006 1622 -

180 1675 314 1742 saevior
329 1675 502 1740 indomitis
519 1675 641 1740 eadem
658 1675 804 1741 Galatea
817 1677 987 1766 juvencis,

180 1783 296 1849 durior
311 1803 443 1848 annosa
458 1804 600 1870 quercu,
620 1784 774 1850 lallacior
789 1785 904 1863 undis,

180 1890 302 1955 lentior
317 1901 350 1955 et
365 1889 479 1956 salicis
495 1890 603 1978 virgis
619 1901 655 1956 et
670 1891 793 1956 vitibus
810 1892 910 1969 albis,

179 1998 233 2062 his
250 1996 455 2062 immobilior
472 1998 634 2084 scopulis,
652 1998 832 2066 violentior
849 2019 964 2076 amne,

179 2104 318 2170 laudato
334 2123 468 2190 pavone
485 2105 674 2191 superbior,
694 2105 805 2171 acrior
820 2106 906 2195 igni,

179 2212 331 2299 asperior
347 2211 491 2287 tribulis,
510 2213 599 2278 foeta
616 2213 837 2278 truculentior
852 2234 945 2291 ursa,
1048 2239 1055 2250 ·

178 2320 312 2385 surdior
329 2319 545 2408 aequoribus,
564 2320 696 2385 calcato
713 2319 875 2384 immitior
891 2321 1015 2408 hydro,

177 2440 211 2493 et
230 2429 339 2516 (quod
356 2429 540 2515 praecipue
557 2429 680 2494 vellem
697 2428 757 2494 tibi
774 2429 913 2494 demere
929 2427 1085 2518 possem)
1175 2446 1226 2520 ⁸⁰5

178 2557 246 2600 non
263 2548 393 2602 tantum
410 2558 511 2602 cervo
528 2535 630 2601 claris
647 2536 824 2601 latratibus
842 2547 931 2612 acto,

177 2664 295 2707 verum
313 2644 416 2708 etiam
431 2643 542 2709 ventis
557 2643 756 2730 volucrique
773 2642 929 2731 fugacior
945 2642 1050 2708 aura!

223 2749 308 2830 ‘Aa
325 2752 414 2818 bene
430 2751 458 2818 si
475 2751 581 2829 noris,
598 2751 716 2840 pigeat
732 2750 883 2840 fugisse3
909 2772 1091 2840 morasque

175 2857 251 2945 ipsa
267 2870 344 2925 tuas
360 2859 516 2936 damnes,
536 2869 569 2924 et
585 2881 639 2925 me
657 2858 801 2923 retinere
817 2858 966 2925 labores.

177 2979 254 3034 sunt
272 2967 368 3043 mihi,
385 2990 466 3054 pars
483 2968 619 3044 montis,
636 2967 716 3033 vivo
732 2967 916 3054 pendentia
932 2989 1018 3034 saxo
1174 2986 1226 3041 310

177 3085 285 3150 antra,
304 3075 427 3162 quibus
444 3096 508 3140 nec
525 3075 575 3141 sol
594 3075 705 3140 medio
723 3074 864 3140 sentitur
880 3074 915 3139 in
933 3087 1042 3153 aestu,

176 3201 241 3245 nec
257 3180 398 3246 sentitur
414 3180 569 3268 hiemps;
594 3191 672 3246 sunt
688 3202 790 3266 poma
808 3181 988 3269 gravantia
1004 3203 1140 3259 ramos3

175 3297 254 3354 sunt
270 3308 353 3353 auro
369 3287 498 3354 similes
514 3287 627 3375 longis
644 3287 679 3352 in
696 3287 818 3354 vitibus
834 3309 944 3365 uvae;

175 3405 254 3461 sunt
268 3405 302 3460 et
317 3415 530 3480 purpureae:
554 3394 613 3459 tibi
630 3405 663 3459 et
679 3395 742 3460 has
758 3415 949 3471 servamus,
966 3406 1001 3462 et
1015 3396 1104 3463 illas.

174 3499 250 3583 ipsa
265 3497 331 3562 tuis
347 3497 505 3563 manibus
521 3496 665 3563 silvestri
682 3508 761 3561 nata
778 3497 841 3562 sub
857 3499 980 3562 umbra
1172 3516 1224 3585 815

175 3602 291 3668 mollia
307 3603 406 3691 fraga
420 3604 530 3691 leges,
546 3603 621 3688 ipsa
639 3603 850 3668 autumnalia
867 3624 984 3682 corna,

174 3728 365 3795 prunaque,
384 3688 452 3775 non
469 3710 580 3776 solum
597 3709 697 3796 nigro
714 3709 852 3774 liventia
870 3731 966 3788 suco,

173 3834 293 3878 verum
310 3815 412 3879 etiam
428 3837 598 3903 generosa
614 3835 791 3902 novasque
808 3815 975 3883 imitantia
992 3839 1103 3885 ceras.

173 3938 239 3984 nec
254 3916 314 3983 tibi
331 3930 512 3986 castaneae
529 3940 584 3985 me
601 3920 761 4009 conjuge,
779 3941 844 3987 nec
859 3923 919 3988 tibi
935 3924 1080 4008 deerunt
