2790 4356
146 225 210 293 144
371 201 442 269 The
476 201 621 268 Wsdam
646 201 694 286 ff
706 189 967 286 Kabg'Numa.
1036 220 1195 298 Υ[ΜΕΤΛΜ.

145 413 203 468 aut
220 401 397 468 hominum
415 412 518 476 certe,
538 410 607 464 tuta
624 420 700 464 esse
716 409 750 464 et
766 399 909 464 honesta
926 401 1092 480 sinamus,

144 531 231 575 neve
247 508 433 596 Thyesteis
450 508 665 572 cumulemus
682 506 815 571 viscera
833 507 973 572 mensis.

191 627 200 656 ⁴
217 614 334 702 Quam
351 615 442 700 male
458 612 664 689 consuescit,
682 634 786 699 quam
804 634 841 678 se
857 625 954 697 parat
968 613 1026 681 ille
1043 615 1155 682 cruori

143 721 270 808 impius
287 723 451 796 humano,
468 720 565 785 vituli
581 719 639 807 qui
655 731 792 806 guttura
809 718 899 784 ferro

143 829 283 914 rumpit,
302 839 336 894 et
348 829 495 893 inmotas
512 827 654 912 praebet
668 826 856 913 mugitibus
874 824 995 894 aures!
1142 843 1195 914 465

144 949 202 1000 aut
218 935 276 1022 qui
292 935 429 1021 vagitus
446 933 576 998 similes
592 932 780 1019 puerilibus
798 932 948 998 haedum

144 1042 301 1106 edentem
313 1041 476 1128 jugulare
494 1050 615 1126 potest,
635 1049 692 1104 aut
709 1039 788 1104 alite
806 1039 911 1115 vesci,
960 1049 966 1058 '

142 1147 198 1230 eui
216 1148 398 1234 deditipse
417 1145 532 1212 cibosl
581 1145 759 1231 Quantum
777 1157 841 1221 est,
859 1146 952 1234 quod
969 1147 1058 1214 desit
1071 1147 1107 1215 in
1123 1146 1195 1216 istis

144 1256 187 1320 ad
204 1255 345 1341 plenum
362 1252 517 1320 facinus?
541 1275 608 1340 quo
624 1253 786 1319 transitus
802 1254 882 1320 inde
899 1253 1060 1340 paratur?

142 1363 204 1428 bos
222 1374 305 1437 aret,
325 1373 383 1426 aut
399 1372 541 1426 mortem
559 1359 750 1426 senioribus
766 1360 909 1446 imputet
925 1363 1045 1438 annus
1141 1393 1195 1448 470

142 1469 346 1560 horriferum
364 1479 482 1534 contra
497 1465 635 1533 Borean
653 1466 726 1532 ovis
743 1488 839 1533 arma
856 1467 1041 1544 ministret;

142 1577 249 1640 ubera
266 1575 347 1641 dent
362 1587 499 1640 saturae
515 1574 674 1640 manibus
691 1575 882 1660 pressanda
899 1575 1068 1660 capellae.

142 1682 227 1747 retia
244 1703 326 1746 curn
339 1681 483 1768 pedicis,
501 1681 656 1768 laqueos,
677 1693 832 1768 artesque
850 1682 988 1748 dolosas

142 1788 268 1864 tollite3
293 1809 358 1853 nec
373 1788 549 1854 volucrem
565 1787 696 1855 viscata
712 1789 818 1854 fallite
835 1789 956 1878 virga;

142 1916 208 1962 nec
224 1895 413 1962 formidatis
430 1916 550 1962 cervos
566 1896 697 1961 illudite
715 1896 858 1982 pennis3
1141 1925 1194 1984 473

142 2025 207 2069 nec
224 2004 332 2068 celate
350 2003 434 2069 cibis
451 2023 558 2070 unoos
575 2003 756 2070 fallacibus
773 2005 907 2071 hamos.

142 2111 273 2198 perdite
305 2110 402 2197 siqua
434 2121 572 2186 nocent,
604 2131 725 2176 verum
759 2111 848 2177 haec
885 2129 1024 2199 quoque
1063 2109 1194 2197 perdite

277 2227 429 2283 tantum:

142 2345 203 2391 ora
218 2336 342 2389 vacent
356 2323 482 2410 epulis,
500 2323 730 2412 alimentaque
748 2323 842 2389 mitia
859 2326 1029 2410 carpant.’

186 2431 332 2496 Talibus
349 2441 449 2517 atque
466 2430 542 2496 aliis
558 2431 721 2496 instructo
737 2443 874 2516 pectore
891 2431 990 2496 dictis

141 2537 177 2602 in
195 2538 339 2624 patriam
356 2557 528 2602 remeasse
544 2536 670 2613 serunt,
688 2538 843 2625 ultroque
862 2539 1005 2623 petitum
1142 2555 1196 2622 480

143 2643 318 2732 accepisse
334 2642 489 2708 Numam
506 2644 624 2730 populi
641 2643 792 2710 Latiaris
809 2646 986 2711 habenas:

142 2749 291 2839 conjuge
308 2751 365 2837 qui
382 2749 465 2815 felix
480 2752 636 2838 nympha
652 2752 865 2839 ducibusque
882 2751 1048 2819 Camenis

142 2857 316 2923 sacrificos
333 2856 448 2923 docuit
462 2858 559 2934 ritus,
579 2869 787 2945 gentemque
803 2858 909 2924 feroci

143 2975 315 3030 assuetam
332 2964 423 3030 bello
440 2965 536 3051 pacis
551 2965 702 3032 traduxit
718 2967 764 3032 ad
779 2977 883 3032 artes.

142 3071 200 3157 qui
218 3082 397 3158 postquam
413 3071 528 3137 senior
543 3091 758 3160 regnumque
774 3093 967 3160 aevumque
983 3073 1130 3162 peregit,

143 3178 347 3243 exstinctum
363 3176 554 3264 Latiaeque
569 3199 676 3244 nurus
692 3180 907 3266 populusque
923 3179 1112 3272 Patraeque

143 3285 313 3354 deflevere
330 3277 498 3351 Numam.
