2790 4356
184 190 245 256 182
281 245 285 252 .
557 187 706 254 Skorler
728 169 862 253 Poenas.
1087 201 1239 273 [Tmsrm.

179 386 303 462 Fama,
321 386 528 472 parentales,
546 384 574 450 si
592 406 652 450 vos
669 405 746 448 mea
763 383 917 471 contigit,
936 382 1078 448 umbrae

224 494 268 558 Et
284 494 413 559 suntin
430 493 554 580 Stygio
571 494 715 558 crimina
732 507 846 558 nostra
864 493 949 567 som,

126 687 128 690 Ι
179 601 285 677 Scite,
304 622 437 687 precor,
457 621 597 665 causam
609 621 728 665 -nec
744 622 804 665 vos
822 601 903 664 mihi
921 599 1038 664 fallere
1055 596 1108 662 sas
1123 607 1228 663 est-

223 708 385 773 Errorem
398 707 529 796 jussae,
548 729 616 772 non
633 708 758 783 scelus,
778 728 853 782 esse
871 707 987 794 fugae.
1025 751 1030 764 .
1192 738 1227 793 90

178 817 343 882 Manibus
360 819 426 882 hoc
442 817 524 882 satis
540 829 611 882 est:
637 817 681 882 ad
697 839 772 893 voS,
791 817 953 894 studiosa,
972 828 1135 892 revertor,

223 925 379 998 Pectora,
398 925 456 1012 qui
472 925 561 990 vitae
578 925 739 1011 quaeritis
756 937 832 989 acta
849 945 959 990 meae.

105 1090 107 1096 .
173 1033 254 1122 Jam
271 1033 354 1097 mihi
370 1033 511 1098 canities
528 1033 636 1119 pulsis
652 1033 849 1098 melioribus
866 1033 964 1100 annis

221 1141 387 1220 Venerat,
406 1143 562 1230 antiquas
580 1143 830 1230 miscueratque
848 1133 978 1220 comas,

122 1279 124 1283 ·
177 1247 327 1337 Postque
343 1271 438 1316 meos
454 1262 548 1315 ortus
563 1249 687 1316 Pisaea
703 1251 837 1316 vinctus
853 1251 943 1316 oliva

221 1355 422 1423 Abstulerat
438 1357 552 1423 decies
569 1357 723 1444 praemia
738 1357 845 1423 victor
862 1379 985 1444 equum

177 1461 267 1530 Cum
286 1466 390 1531 maris
406 1464 534 1530 Euxini
551 1465 678 1551 positos
695 1465 739 1530 ad
756 1466 855 1530 laeva
871 1465 1027 1530 Tomitas

224 1570 402 1656 Quaerere
418 1593 473 1636 me
490 1571 573 1636 laesi
591 1571 754 1657 principis
770 1571 821 1636 ira
834 1571 942 1660 jubet.

177 1675 293 1744 Causa
310 1698 408 1743 meae
425 1678 556 1743 cunctis
573 1672 716 1742 nimium
733 1700 870 1766 quoque
886 1689 965 1745 nota
981 1677 1101 1746 ruinae

222 1784 355 1850 Indicio
371 1807 440 1850 non
458 1795 508 1850 est
523 1785 737 1850 testificanda
754 1808 843 1851 meo.
1176 1820 1226 1859 100

160 1884 273 1978 [Qrid
288 1893 435 1958 referam
451 1892 682 1978 comitumque
698 1891 795 1957 nesas
811 1891 1025 1980 famulosque
1041 1893 1225 1960 nocentes?

221 1999 302 2085 Ipsa
319 2000 425 2064 multa
440 1998 502 2064 tuli
519 2021 587 2064 non
605 1987 733 2063 leviora
749 1998 843 2086 suga.

78 2129 81 2134 ·
103 2119 110 2130 “
176 2106 361 2195 Indignata
378 2107 477 2172 malis
494 2128 591 2171 mens
607 2115 658 2171 est
674 2107 909 2182 succumbere,
929 2127 1032 2193 seque

221 2213 392 2279 Praestitit
407 2213 569 2278 invictam
586 2212 715 2278 viribus
731 2234 794 2278 usa
811 2214 891 2278 suis.

176 2310 379 2407 Oblitusque
396 2320 464 2385 mei
481 2321 671 2407 ductaeque
686 2341 749 2406 per
765 2320 833 2385 otia
849 2319 953 2396 vitae,

221 2427 363 2492 Insolita
379 2427 456 2514 cepi
471 2427 634 2513 temporis
650 2438 746 2492 arma
764 2447 881 2492 manu.

58 2599 61 2606 ,
119 2553 120 2556 ’
174 2531 310 2620 Totque
325 2534 386 2598 tuli
403 2555 503 2600 casus
520 2535 713 2622 pelagoque
729 2545 898 2620 terraque,
918 2545 1000 2621 quot
1015 2533 1103 2600 inter

220 2639 403 2704 Occultum
420 2641 538 2705 stellae
555 2641 846 2726 conspicuumque
861 2641 988 2726 polum.

174 2746 285 2812 Tacta
301 2746 384 2810 mihi
401 2747 539 2811 tandem
555 2747 669 2834 longis
686 2746 856 2812 erroribus
874 2758 949 2812 acto

213 2852 340 2941 Juncta
356 2854 560 2940 pharetratis
577 2853 746 2919 Sarmatis
761 2872 821 2918 ora
838 2851 948 2919 Getis.
1077 2906 1079 2911 .
1173 2888 1223 2929 110

175 2959 244 3025 Hic
260 2982 326 3048 ego
342 2961 493 3026 finitimis
509 2961 666 3046 quamvis
683 2960 916 3026 circumsoner
931 2961 1048 3038 armis,

217 3067 358 3144 Tristia,
376 3091 444 3154 quo
460 3089 614 3154 possum,
633 3067 784 3132 carmine
800 3066 869 3132 fata
885 3067 975 3134 levo.

174 3173 280 3262 Quod
295 3175 452 3262 quamvis
468 3197 570 3241 nemo
587 3185 650 3251 est,
668 3174 765 3264 cujus
781 3174 947 3242 referatur
963 3175 1008 3243 ad
1024 3197 1136 3256 aureS,

217 3282 278 3348 Sic
292 3295 409 3349 tamen
424 3283 568 3362 absumo
585 3282 786 3369 decipioque
803 3282 906 3348 diem.

172 3390 266 3478 Ergo
283 3391 375 3478 quod
390 3390 481 3464 vivo,
499 3389 661 3477 durisque
677 3390 850 3456 laboribus
867 3390 977 3469 obsto,
1170 3427 1218 3482 1¹5

164 3531 166 3537 ·
217 3497 295 3563 Nec
311 3520 367 3564 me
383 3499 547 3565 sollicitae
563 3500 675 3566 taedia
692 3500 779 3566 lucis
795 3499 951 3577 habent,-

109 3595 120 3610 '
171 3603 304 3683 Gratia,
324 3606 441 3684 Musa,
458 3608 539 3685 tibi;
563 3609 842 3676 namtusolacia
858 3610 1016 3696 praebes
1054 3689 1058 3696 ¹

215 3711 272 3776 Tu
289 3735 392 3780 curae
407 3716 555 3802 requies,
574 3727 610 3782 tu
626 3716 797 3782 medicina
812 3717 931 3791 venisr

170 3816 227 3881 Tu
242 3818 314 3883 dux
331 3831 363 3885 et
379 3841 494 3887 comes
512 3843 569 3897 es;
593 3833 629 3888 tu
645 3845 707 3888 nos
724 3823 866 3889 abducis
882 3825 926 3889 ab
943 3823 1074 3902 Histr0‚

215 3921 257 3987 In
274 3925 454 4014 medioque
470 3927 554 3992 mihi
571 3929 633 3994 das
650 3927 818 3995 Helicone
834 3929 960 3996 locum.
