<?xml version="1.0" encoding="UTF-8"?>
<!DOCTYPE html PUBLIC "-//W3C//DTD XHTML 1.0 Transitional//EN"
    "http://www.w3.org/TR/xhtml1/DTD/xhtml1-transitional.dtd">
<html xmlns="http://www.w3.org/1999/xhtml" xml:lang="en" lang="en">
 <head>
  <title>
</title>
<meta http-equiv="Content-Type" content="text/html;charset=utf-8" />
  <meta name='ocr-system' content='tesseract 3.04.00' />
  <meta name='ocr-capabilities' content='ocr_page ocr_carea ocr_par ocr_line ocrx_word'/>
</head>
<body>
  <div class='ocr_page' id='page_1' title='image "./poemataquaedame00ovidgoog_0179.png"; bbox 0 0 2790 4356; ppageno 0'>
   <div class='ocr_carea' id='block_1_1' title="bbox 179 237 1215 330">
    <p class='ocr_par' dir='ltr' id='par_1_1' title="bbox 179 237 1215 330">
     <span class='ocr_line' id='line_1_1' title="bbox 179 237 1215 330; baseline 0.004 -24"><span class='ocrx_word' id='word_1_1' title='bbox 179 239 242 330; x_wconf 87' lang='lat'><strong>164</strong></span> <span class='ocrx_word' id='word_1_2' title='bbox 557 237 708 306; x_wconf 82' lang='lat' dir='ltr'><strong>Shorter</strong></span> <span class='ocrx_word' id='word_1_3' title='bbox 729 239 865 306; x_wconf 83' lang='lat' dir='ltr'><strong>Poems.</strong></span> <span class='ocrx_word' id='word_1_4' title='bbox 1037 254 1215 327; x_wconf 76' lang='lat' dir='ltr'><strong>[Huaomus</strong></span> 
     </span>
    </p>
   </div>
   <div class='ocr_carea' id='block_1_2' title="bbox 149 434 1226 3856">
    <p class='ocr_par' dir='ltr' id='par_1_2' title="bbox 177 434 1226 632">
     <span class='ocr_line' id='line_1_2' title="bbox 177 434 1160 527; baseline -0.002 -25"><span class='ocrx_word' id='word_1_5' title='bbox 177 437 343 527; x_wconf 70' lang='lat' dir='ltr'><strong>Quisquis</strong></span> <span class='ocrx_word' id='word_1_6' title='bbox 361 438 405 504; x_wconf 94' lang='lat' dir='ltr'><strong>ad</strong></span> <span class='ocrx_word' id='word_1_7' title='bbox 421 437 509 503; x_wconf 88' lang='lat' dir='ltr'><strong>haec</strong></span> <span class='ocrx_word' id='word_1_8' title='bbox 524 437 623 503; x_wconf 91' lang='lat' dir='ltr'><strong>vertit</strong></span> <span class='ocrx_word' id='word_1_9' title='bbox 638 435 858 524; x_wconf 86' lang='lat' dir='ltr'>peregrinam</span> <span class='ocrx_word' id='word_1_10' title='bbox 873 436 986 503; x_wconf 86' lang='lat' dir='ltr'><strong>littora</strong></span> <span class='ocrx_word' id='word_1_11' title='bbox 1002 434 1160 523; x_wconf 89' lang='lat' dir='ltr'><strong>puppim,</strong></span> 
     </span>
     <span class='ocr_line' id='line_1_3' title="bbox 220 544 1226 632; baseline 0.004 -23"><span class='ocrx_word' id='word_1_12' title='bbox 220 546 284 610; x_wconf 89' lang='lat' dir='ltr'><strong>llle</strong></span> <span class='ocrx_word' id='word_1_13' title='bbox 301 545 385 609; x_wconf 90' lang='lat' dir='ltr'><strong>mihi</strong></span> <span class='ocrx_word' id='word_1_14' title='bbox 401 546 443 610; x_wconf 92' lang='lat' dir='ltr'><strong>de</strong></span> <span class='ocrx_word' id='word_1_15' title='bbox 461 556 492 610; x_wconf 92' lang='lat' dir='ltr'><strong>te</strong></span> <span class='ocrx_word' id='word_1_16' title='bbox 510 545 616 610; x_wconf 88' lang='lat' dir='ltr'><strong>multa</strong></span> <span class='ocrx_word' id='word_1_17' title='bbox 632 555 773 632; x_wconf 91' lang='lat' dir='ltr'><strong>rogatus</strong></span> <span class='ocrx_word' id='word_1_18' title='bbox 790 544 881 609; x_wconf 88' lang='lat' dir='ltr'><strong>abit:</strong></span> <span class='ocrx_word' id='word_1_19' title='bbox 1190 557 1226 613; x_wconf 90' lang='lat'><strong>60</strong></span> 
     </span>
    </p>

    <p class='ocr_par' dir='ltr' id='par_1_3' title="bbox 176 651 1118 846">
     <span class='ocr_line' id='line_1_4' title="bbox 176 651 1118 739; baseline -0.001 -23"><span class='ocrx_word' id='word_1_20' title='bbox 176 651 361 739; x_wconf 76' lang='lat' dir='ltr'><strong>Qamque</strong></span> <span class='ocrx_word' id='word_1_21' title='bbox 378 651 438 716; x_wconf 89' lang='lat' dir='ltr'><strong>tibi</strong></span> <span class='ocrx_word' id='word_1_22' title='bbox 454 652 586 727; x_wconf 86' lang='lat' dir='ltr'><strong>reddat,</strong></span> <span class='ocrx_word' id='word_1_23' title='bbox 606 651 634 716; x_wconf 93' lang='lat' dir='ltr'><strong>si</strong></span> <span class='ocrx_word' id='word_1_24' title='bbox 650 661 683 717; x_wconf 90' lang='lat' dir='ltr'><strong>te</strong></span> <span class='ocrx_word' id='word_1_25' title='bbox 701 652 803 718; x_wconf 91' lang='lat' dir='ltr'><strong>modo</strong></span> <span class='ocrx_word' id='word_1_26' title='bbox 819 651 941 717; x_wconf 90' lang='lat' dir='ltr'><strong>viderit</strong></span> <span class='ocrx_word' id='word_1_27' title='bbox 957 671 1118 739; x_wconf 86' lang='lat' dir='ltr'>usquam,</span> 
     </span>
     <span class='ocr_line' id='line_1_5' title="bbox 219 758 998 846; baseline 0.001 -24"><span class='ocrx_word' id='word_1_28' title='bbox 219 759 383 824; x_wconf 86' lang='lat' dir='ltr'>Traditur</span> <span class='ocrx_word' id='word_1_29' title='bbox 399 759 480 823; x_wconf 91' lang='lat' dir='ltr'><strong>huic</strong></span> <span class='ocrx_word' id='word_1_30' title='bbox 496 758 612 846; x_wconf 87' lang='lat' dir='ltr'><strong>digitis</strong></span> <span class='ocrx_word' id='word_1_31' title='bbox 625 759 744 825; x_wconf 89' lang='lat' dir='ltr'><strong>charta</strong></span> <span class='ocrx_word' id='word_1_32' title='bbox 760 770 886 825; x_wconf 85' lang='lat' dir='ltr'><strong>novata</strong></span> <span class='ocrx_word' id='word_1_33' title='bbox 901 759 998 824; x_wconf 89' lang='lat' dir='ltr'><strong>meis.</strong></span> 
     </span>
    </p>

    <p class='ocr_par' dir='ltr' id='par_1_4' title="bbox 149 865 1007 1061">
     <span class='ocr_line' id='line_1_6' title="bbox 149 865 963 955; baseline 0.002 -26"><span class='ocrx_word' id='word_1_34' title='bbox 149 866 249 932; x_wconf 62' lang='lat' dir='ltr'><strong>(Nos</strong></span> <span class='ocrx_word' id='word_1_35' title='bbox 266 866 390 955; x_wconf 90' lang='lat' dir='ltr'>Pylon,</span> <span class='ocrx_word' id='word_1_36' title='bbox 408 867 536 953; x_wconf 86' lang='lat' dir='ltr'><strong>antiqui</strong></span> <span class='ocrx_word' id='word_1_37' title='bbox 554 865 680 933; x_wconf 87' lang='lat' dir='ltr'><strong>Neleia</strong></span> <span class='ocrx_word' id='word_1_38' title='bbox 695 866 852 932; x_wconf 86' lang='lat' dir='ltr'><strong>Nestoris</strong></span> <span class='ocrx_word' id='word_1_39' title='bbox 868 887 963 943; x_wconf 90' lang='lat' dir='ltr'><strong>arva,</strong></span> 
     </span>
     <span class='ocr_line' id='line_1_7' title="bbox 219 972 1007 1061; baseline -0.003 -23"><span class='ocrx_word' id='word_1_40' title='bbox 219 974 399 1039; x_wconf 89' lang='lat' dir='ltr'><strong>Misimus:</strong></span> <span class='ocrx_word' id='word_1_41' title='bbox 424 975 554 1039; x_wconf 88' lang='lat' dir='ltr'><strong>incerta</strong></span> <span class='ocrx_word' id='word_1_42' title='bbox 572 985 621 1039; x_wconf 90' lang='lat' dir='ltr'><strong>est</strong></span> <span class='ocrx_word' id='word_1_43' title='bbox 638 975 730 1038; x_wconf 84' lang='lat' dir='ltr'><strong>fama</strong></span> <span class='ocrx_word' id='word_1_44' title='bbox 747 974 891 1039; x_wconf 89' lang='lat' dir='ltr'><strong>remissa</strong></span> <span class='ocrx_word' id='word_1_45' title='bbox 906 972 1007 1061; x_wconf 89' lang='lat' dir='ltr'><strong>Pylo.</strong></span> 
     </span>
    </p>

    <p class='ocr_par' dir='ltr' id='par_1_5' title="bbox 173 1080 1223 1274">
     <span class='ocr_line' id='line_1_8' title="bbox 173 1080 1223 1170; baseline 0.001 -25"><span class='ocrx_word' id='word_1_46' title='bbox 173 1081 333 1146; x_wconf 88' lang='lat' dir='ltr'><strong>Misimus</strong></span> <span class='ocrx_word' id='word_1_47' title='bbox 351 1093 385 1147; x_wconf 88' lang='lat' dir='ltr'><strong>et</strong></span> <span class='ocrx_word' id='word_1_48' title='bbox 400 1081 568 1167; x_wconf 84' lang='lat' dir='ltr'><strong>Sparten:</strong></span> <span class='ocrx_word' id='word_1_49' title='bbox 595 1080 718 1166; x_wconf 82' lang='lat' dir='ltr'><strong>Sparte</strong></span> <span class='ocrx_word' id='word_1_50' title='bbox 733 1102 871 1167; x_wconf 92' lang='lat' dir='ltr'><strong>quoque</strong></span> <span class='ocrx_word' id='word_1_51' title='bbox 885 1081 1003 1146; x_wconf 90' lang='lat' dir='ltr'><strong>nescia</strong></span> <span class='ocrx_word' id='word_1_52' title='bbox 1019 1080 1103 1146; x_wconf 88' lang='lat' dir='ltr'><strong>veri.</strong></span> <span class='ocrx_word' id='word_1_53' title='bbox 1189 1100 1223 1170; x_wconf 80' lang='lat'><strong>65</strong></span> 
     </span>
     <span class='ocr_line' id='line_1_9' title="bbox 220 1184 1006 1274; baseline -0.003 -20"><span class='ocrx_word' id='word_1_54' title='bbox 220 1187 319 1274; x_wconf 70' lang='lat' dir='ltr'><strong>Quas</strong></span> <span class='ocrx_word' id='word_1_55' title='bbox 336 1188 469 1253; x_wconf 89' lang='lat' dir='ltr'><strong>habitas</strong></span> <span class='ocrx_word' id='word_1_56' title='bbox 486 1198 606 1263; x_wconf 89' lang='lat' dir='ltr'><strong>terras,</strong></span> <span class='ocrx_word' id='word_1_57' title='bbox 626 1198 683 1251; x_wconf 91' lang='lat' dir='ltr'><strong>aut</strong></span> <span class='ocrx_word' id='word_1_58' title='bbox 699 1187 757 1251; x_wconf 94' lang='lat' dir='ltr'><strong>ubi</strong></span> <span class='ocrx_word' id='word_1_59' title='bbox 773 1187 885 1252; x_wconf 90' lang='lat' dir='ltr'><strong>lentus</strong></span> <span class='ocrx_word' id='word_1_60' title='bbox 901 1184 1006 1252; x_wconf 83' lang='lat' dir='ltr'><strong>abes?</strong></span> 
     </span>
    </p>

    <p class='ocr_par' dir='ltr' id='par_1_6' title="bbox 173 1292 1100 1505">
     <span class='ocr_line' id='line_1_10' title="bbox 173 1292 1100 1361; baseline -0.003 0"><span class='ocrx_word' id='word_1_61' title='bbox 173 1293 299 1361; x_wconf 83' lang='lat' dir='ltr'><strong>Utilius</strong></span> <span class='ocrx_word' id='word_1_62' title='bbox 316 1306 443 1360; x_wconf 87' lang='lat' dir='ltr'><strong>starent</strong></span> <span class='ocrx_word' id='word_1_63' title='bbox 460 1294 561 1359; x_wconf 87' lang='lat' dir='ltr'><strong>etiam</strong></span> <span class='ocrx_word' id='word_1_64' title='bbox 578 1315 670 1358; x_wconf 91' lang='lat' dir='ltr'><strong>nunc</strong></span> <span class='ocrx_word' id='word_1_65' title='bbox 686 1293 823 1358; x_wconf 89' lang='lat' dir='ltr'><strong>moenia</strong></span> <span class='ocrx_word' id='word_1_66' title='bbox 840 1292 984 1358; x_wconf 89' lang='lat' dir='ltr'><strong>Phoebi.</strong></span> <span class='ocrx_word' id='word_1_67' title='bbox 1095 1311 1100 1320; x_wconf 86' lang='lat'>·</span> 
     </span>
     <span class='ocr_line' id='line_1_11' title="bbox 218 1385 853 1505; baseline -0.002 -40"><span class='ocrx_word' id='word_1_68' title='bbox 218 1392 352 1468; x_wconf 87' lang='lat' dir='ltr'><strong>Irascor</strong></span> <span class='ocrx_word' id='word_1_69' title='bbox 367 1402 453 1501; x_wconf 58' lang='lat' dir='ltr'><strong>gotis</strong></span> <span class='ocrx_word' id='word_1_70' title='bbox 469 1403 537 1466; x_wconf 91' lang='lat' dir='ltr'><strong>heu</strong></span> <span class='ocrx_word' id='word_1_71' title='bbox 553 1402 638 1467; x_wconf 88' lang='lat' dir='ltr'><strong>levis</strong></span> <span class='ocrx_word' id='word_1_72' title='bbox 651 1385 731 1486; x_wconf 90' lang='lat' dir='ltr'><strong>ipsa</strong></span> <span class='ocrx_word' id='word_1_73' title='bbox 744 1399 853 1505; x_wconf 50' lang='lat' dir='ltr'><strong>rnaeersj</strong></span> 
     </span>
    </p>

    <p class='ocr_par' dir='ltr' id='par_1_7' title="bbox 172 1489 1223 1704">
     <span class='ocr_line' id='line_1_12' title="bbox 172 1489 1075 1598; baseline -0.001 -24"><span class='ocrx_word' id='word_1_74' title='bbox 172 1509 305 1574; x_wconf 89' lang='lat' dir='ltr'><strong>Scirem</strong></span> <span class='ocrx_word' id='word_1_75' title='bbox 322 1510 380 1574; x_wconf 91' lang='lat' dir='ltr'><strong>ubi</strong></span> <span class='ocrx_word' id='word_1_76' title='bbox 398 1489 586 1598; x_wconf 66' lang='lat' dir='ltr'><strong>pugnares,</strong></span> <span class='ocrx_word' id='word_1_77' title='bbox 606 1519 638 1573; x_wconf 85' lang='lat' dir='ltr'><strong>et</strong></span> <span class='ocrx_word' id='word_1_78' title='bbox 653 1519 783 1572; x_wconf 88' lang='lat' dir='ltr'><strong>tanturn</strong></span> <span class='ocrx_word' id='word_1_79' title='bbox 800 1507 891 1572; x_wconf 89' lang='lat' dir='ltr'><strong>bella</strong></span> <span class='ocrx_word' id='word_1_80' title='bbox 906 1507 1075 1583; x_wconf 88' lang='lat' dir='ltr'><strong>timerem,</strong></span> 
     </span>
     <span class='ocr_line' id='line_1_13' title="bbox 217 1596 1223 1704; baseline 0.001 -25"><span class='ocrx_word' id='word_1_81' title='bbox 217 1615 260 1680; x_wconf 88' lang='lat' dir='ltr'><strong>Et</strong></span> <span class='ocrx_word' id='word_1_82' title='bbox 277 1637 354 1681; x_wconf 89' lang='lat' dir='ltr'><strong>mea</strong></span> <span class='ocrx_word' id='word_1_83' title='bbox 371 1637 449 1682; x_wconf 90' lang='lat' dir='ltr'><strong>cum</strong></span> <span class='ocrx_word' id='word_1_84' title='bbox 467 1617 580 1680; x_wconf 89' lang='lat' dir='ltr'><strong>multis</strong></span> <span class='ocrx_word' id='word_1_85' title='bbox 593 1616 711 1704; x_wconf 88' lang='lat' dir='ltr'><strong>juncta</strong></span> <span class='ocrx_word' id='word_1_86' title='bbox 728 1616 868 1701; x_wconf 87' lang='lat' dir='ltr'><strong>querela</strong></span> <span class='ocrx_word' id='word_1_87' title='bbox 884 1615 982 1680; x_wconf 88' lang='lat' dir='ltr'><strong>soret.</strong></span> <span class='ocrx_word' id='word_1_88' title='bbox 1151 1596 1155 1604; x_wconf 51' lang='grc'><strong>’</strong></span> <span class='ocrx_word' id='word_1_89' title='bbox 1189 1645 1223 1700; x_wconf 90' lang='lat'><strong>70</strong></span> 
     </span>
    </p>

    <p class='ocr_par' dir='ltr' id='par_1_8' title="bbox 173 1721 1161 1915">
     <span class='ocr_line' id='line_1_14' title="bbox 173 1721 1161 1810; baseline 0.002 -24"><span class='ocrx_word' id='word_1_90' title='bbox 173 1721 268 1808; x_wconf 68' lang='lat' dir='ltr'><strong>Quid</strong></span> <span class='ocrx_word' id='word_1_91' title='bbox 284 1723 436 1798; x_wconf 89' lang='lat' dir='ltr'><strong>timeam,</strong></span> <span class='ocrx_word' id='word_1_92' title='bbox 455 1723 598 1810; x_wconf 88' lang='lat' dir='ltr'><strong>ignoro;</strong></span> <span class='ocrx_word' id='word_1_93' title='bbox 623 1723 725 1789; x_wconf 90' lang='lat' dir='ltr'><strong>timeo</strong></span> <span class='ocrx_word' id='word_1_94' title='bbox 742 1734 857 1786; x_wconf 89' lang='lat' dir='ltr'><strong>tamen</strong></span> <span class='ocrx_word' id='word_1_95' title='bbox 873 1721 989 1787; x_wconf 88' lang='lat' dir='ltr'><strong>omnia</strong></span> <span class='ocrx_word' id='word_1_96' title='bbox 1005 1723 1161 1800; x_wconf 88' lang='lat' dir='ltr'><strong>demens,</strong></span> 
     </span>
     <span class='ocr_line' id='line_1_15' title="bbox 217 1829 839 1915; baseline 0 -22"><span class='ocrx_word' id='word_1_97' title='bbox 217 1829 260 1894; x_wconf 91' lang='lat' dir='ltr'><strong>Et</strong></span> <span class='ocrx_word' id='word_1_98' title='bbox 276 1841 368 1915; x_wconf 91' lang='lat' dir='ltr'><strong>patet</strong></span> <span class='ocrx_word' id='word_1_99' title='bbox 383 1831 417 1894; x_wconf 92' lang='lat' dir='ltr'><strong>in</strong></span> <span class='ocrx_word' id='word_1_100' title='bbox 436 1852 534 1896; x_wconf 91' lang='lat' dir='ltr'><strong>curas</strong></span> <span class='ocrx_word' id='word_1_101' title='bbox 551 1850 632 1895; x_wconf 89' lang='lat' dir='ltr'><strong>area</strong></span> <span class='ocrx_word' id='word_1_102' title='bbox 649 1831 718 1894; x_wconf 92' lang='lat' dir='ltr'><strong>lata</strong></span> <span class='ocrx_word' id='word_1_103' title='bbox 733 1851 839 1894; x_wconf 89' lang='lat' dir='ltr'><strong>meas.</strong></span> 
     </span>
    </p>

    <p class='ocr_par' dir='ltr' id='par_1_9' title="bbox 173 1933 1220 2132">
     <span class='ocr_line' id='line_1_16' title="bbox 173 1933 1220 2025; baseline 0.001 -26"><span class='ocrx_word' id='word_1_104' title='bbox 173 1933 422 2024; x_wconf 68' lang='lat' dir='ltr'><strong>Quaecumque</strong></span> <span class='ocrx_word' id='word_1_105' title='bbox 434 1959 561 2024; x_wconf 91' lang='lat' dir='ltr'><strong>aequor</strong></span> <span class='ocrx_word' id='word_1_106' title='bbox 572 1938 686 2012; x_wconf 89' lang='lat' dir='ltr'><strong>habet,</strong></span> <span class='ocrx_word' id='word_1_107' title='bbox 697 1956 934 2023; x_wconf 90' lang='lat' dir='ltr'><strong>quaecumque</strong></span> <span class='ocrx_word' id='word_1_108' title='bbox 944 1933 1097 2025; x_wconf 86' lang='lat' dir='ltr'><strong>pericula</strong></span> <span class='ocrx_word' id='word_1_109' title='bbox 1106 1935 1220 2012; x_wconf 89' lang='lat' dir='ltr'><strong>tellus,</strong></span> 
     </span>
     <span class='ocr_line' id='line_1_17' title="bbox 215 2043 994 2132; baseline -0.001 -26"><span class='ocrx_word' id='word_1_110' title='bbox 215 2043 304 2106; x_wconf 91' lang='lat' dir='ltr'><strong>Tam</strong></span> <span class='ocrx_word' id='word_1_111' title='bbox 321 2045 448 2132; x_wconf 87' lang='lat' dir='ltr'><strong>longae</strong></span> <span class='ocrx_word' id='word_1_112' title='bbox 465 2065 588 2109; x_wconf 88' lang='lat' dir='ltr'><strong>causas</strong></span> <span class='ocrx_word' id='word_1_113' title='bbox 604 2043 759 2126; x_wconf 90' lang='lat' dir='ltr'><strong>suspicor</strong></span> <span class='ocrx_word' id='word_1_114' title='bbox 774 2063 849 2108; x_wconf 90' lang='lat' dir='ltr'><strong>esse</strong></span> <span class='ocrx_word' id='word_1_115' title='bbox 866 2063 994 2108; x_wconf 89' lang='lat' dir='ltr'><strong>morae.</strong></span> 
     </span>
    </p>

    <p class='ocr_par' dir='ltr' id='par_1_10' title="bbox 172 2148 1222 2352">
     <span class='ocr_line' id='line_1_18' title="bbox 172 2148 1222 2239; baseline 0.002 -25"><span class='ocrx_word' id='word_1_116' title='bbox 172 2148 271 2215; x_wconf 91' lang='lat' dir='ltr'><strong>Haec</strong></span> <span class='ocrx_word' id='word_1_117' title='bbox 289 2173 354 2239; x_wconf 90' lang='lat' dir='ltr'><strong>ego</strong></span> <span class='ocrx_word' id='word_1_118' title='bbox 371 2152 453 2216; x_wconf 91' lang='lat' dir='ltr'><strong>dum</strong></span> <span class='ocrx_word' id='word_1_119' title='bbox 471 2152 569 2217; x_wconf 91' lang='lat' dir='ltr'><strong>stulte</strong></span> <span class='ocrx_word' id='word_1_120' title='bbox 587 2163 714 2225; x_wconf 91' lang='lat' dir='ltr'><strong>metuo,</strong></span> <span class='ocrx_word' id='word_1_121' title='bbox 732 2170 820 2237; x_wconf 87' lang='lat' dir='ltr'><strong>quae</strong></span> <span class='ocrx_word' id='word_1_122' title='bbox 836 2161 950 2215; x_wconf 85' lang='lat' dir='ltr'><strong>vestra</strong></span> <span class='ocrx_word' id='word_1_123' title='bbox 966 2148 1071 2216; x_wconf 92' lang='lat' dir='ltr'><strong>libido</strong></span> <span class='ocrx_word' id='word_1_124' title='bbox 1087 2159 1150 2227; x_wconf 87' lang='lat' dir='ltr'><strong>est,</strong></span> <span class='ocrx_word' id='word_1_125' title='bbox 1187 2176 1222 2237; x_wconf 76' lang='lat'><strong>75</strong></span> 
     </span>
     <span class='ocr_line' id='line_1_19' title="bbox 197 2257 898 2352; baseline -0.001 -30"><span class='ocrx_word' id='word_1_126' title='bbox 197 2257 302 2352; x_wconf 54' lang='lat' dir='ltr'><strong>[bisse</strong></span> <span class='ocrx_word' id='word_1_127' title='bbox 318 2260 502 2347; x_wconf 86' lang='lat' dir='ltr'><strong>peregrino</strong></span> <span class='ocrx_word' id='word_1_128' title='bbox 519 2270 638 2344; x_wconf 91' lang='lat' dir='ltr'><strong>captus</strong></span> <span class='ocrx_word' id='word_1_129' title='bbox 656 2279 772 2322; x_wconf 88' lang='lat' dir='ltr'><strong>amore</strong></span> <span class='ocrx_word' id='word_1_130' title='bbox 789 2267 898 2342; x_wconf 90' lang='lat' dir='ltr'><strong>potes.</strong></span> 
     </span>
    </p>

    <p class='ocr_par' dir='ltr' id='par_1_11' title="bbox 170 2363 1105 2557">
     <span class='ocr_line' id='line_1_20' title="bbox 170 2363 1105 2454; baseline 0 -26"><span class='ocrx_word' id='word_1_131' title='bbox 170 2363 329 2430; x_wconf 88' lang='lat' dir='ltr'><strong>Forsitan</strong></span> <span class='ocrx_word' id='word_1_132' title='bbox 346 2377 378 2431; x_wconf 90' lang='lat' dir='ltr'><strong>et</strong></span> <span class='ocrx_word' id='word_1_133' title='bbox 395 2388 525 2441; x_wconf 89' lang='lat' dir='ltr'><strong>narres,</strong></span> <span class='ocrx_word' id='word_1_134' title='bbox 544 2387 648 2453; x_wconf 86' lang='lat' dir='ltr'><strong>quarn</strong></span> <span class='ocrx_word' id='word_1_135' title='bbox 665 2365 708 2430; x_wconf 92' lang='lat' dir='ltr'><strong>sit</strong></span> <span class='ocrx_word' id='word_1_136' title='bbox 723 2365 783 2429; x_wconf 90' lang='lat' dir='ltr'><strong>tibi</strong></span> <span class='ocrx_word' id='word_1_137' title='bbox 799 2364 925 2430; x_wconf 87' lang='lat' dir='ltr'><strong>rustica</strong></span> <span class='ocrx_word' id='word_1_138' title='bbox 942 2363 1105 2454; x_wconf 85' lang='lat' dir='ltr'><strong>conjunx,</strong></span> 
     </span>
     <span class='ocr_line' id='line_1_21' title="bbox 217 2470 994 2557; baseline 0 -21"><span class='ocrx_word' id='word_1_139' title='bbox 217 2470 319 2557; x_wconf 68' lang='lat' dir='ltr'><strong>Quae</strong></span> <span class='ocrx_word' id='word_1_140' title='bbox 335 2483 465 2538; x_wconf 89' lang='lat' dir='ltr'><strong>tanturn</strong></span> <span class='ocrx_word' id='word_1_141' title='bbox 483 2474 581 2538; x_wconf 90' lang='lat' dir='ltr'><strong>lanas</strong></span> <span class='ocrx_word' id='word_1_142' title='bbox 596 2495 666 2539; x_wconf 90' lang='lat' dir='ltr'><strong>non</strong></span> <span class='ocrx_word' id='word_1_143' title='bbox 682 2471 771 2538; x_wconf 90' lang='lat' dir='ltr'><strong>sinat</strong></span> <span class='ocrx_word' id='word_1_144' title='bbox 787 2493 862 2538; x_wconf 88' lang='lat' dir='ltr'><strong>esse</strong></span> <span class='ocrx_word' id='word_1_145' title='bbox 879 2473 994 2537; x_wconf 86' lang='lat' dir='ltr'><strong>rudes.</strong></span> 
     </span>
    </p>

    <p class='ocr_par' dir='ltr' id='par_1_12' title="bbox 170 2577 1220 2764">
     <span class='ocr_line' id='line_1_22' title="bbox 170 2577 1078 2658; baseline 0.004 -16"><span class='ocrx_word' id='word_1_146' title='bbox 170 2577 299 2654; x_wconf 87' lang='lat' dir='ltr'><strong>Fallar,</strong></span> <span class='ocrx_word' id='word_1_147' title='bbox 318 2590 353 2645; x_wconf 90' lang='lat' dir='ltr'><strong>et</strong></span> <span class='ocrx_word' id='word_1_148' title='bbox 368 2581 434 2646; x_wconf 91' lang='lat' dir='ltr'><strong>hoc</strong></span> <span class='ocrx_word' id='word_1_149' title='bbox 450 2582 580 2647; x_wconf 87' lang='lat' dir='ltr'><strong>crimen</strong></span> <span class='ocrx_word' id='word_1_150' title='bbox 596 2593 717 2647; x_wconf 88' lang='lat' dir='ltr'><strong>tenues</strong></span> <span class='ocrx_word' id='word_1_151' title='bbox 731 2591 895 2646; x_wconf 87' lang='lat' dir='ltr'><strong>vanescat</strong></span> <span class='ocrx_word' id='word_1_152' title='bbox 911 2579 946 2644; x_wconf 90' lang='lat' dir='ltr'><strong>in</strong></span> <span class='ocrx_word' id='word_1_153' title='bbox 963 2599 1078 2658; x_wconf 78' lang='lat' dir='ltr'><strong>aurae,</strong></span> 
     </span>
     <span class='ocr_line' id='line_1_23' title="bbox 215 2684 1220 2764; baseline 0.002 -14"><span class='ocrx_word' id='word_1_154' title='bbox 215 2685 327 2763; x_wconf 90' lang='lat' dir='ltr'><strong>Neve,</strong></span> <span class='ocrx_word' id='word_1_155' title='bbox 346 2689 536 2754; x_wconf 90' lang='lat' dir='ltr'><strong>revertendi</strong></span> <span class='ocrx_word' id='word_1_156' title='bbox 554 2689 652 2764; x_wconf 89' lang='lat' dir='ltr'><strong>liber,</strong></span> <span class='ocrx_word' id='word_1_157' title='bbox 670 2689 792 2754; x_wconf 86' lang='lat' dir='ltr'><strong>abesse</strong></span> <span class='ocrx_word' id='word_1_158' title='bbox 808 2684 913 2754; x_wconf 86' lang='lat' dir='ltr'><strong>velisl</strong></span> <span class='ocrx_word' id='word_1_159' title='bbox 1184 2706 1220 2761; x_wconf 82' lang='lat'><strong>80</strong></span> 
     </span>
    </p>

    <p class='ocr_par' dir='ltr' id='par_1_13' title="bbox 170 2784 906 2880">
     <span class='ocr_line' id='line_1_24' title="bbox 170 2784 906 2880; baseline 0.004 -21"><span class='ocrx_word' id='word_1_160' title='bbox 170 2791 231 2878; x_wconf 89' lang='lat' dir='ltr'><strong>Me</strong></span> <span class='ocrx_word' id='word_1_161' title='bbox 248 2806 344 2880; x_wconf 91' lang='lat' dir='ltr'><strong>pater</strong></span> <span class='ocrx_word' id='word_1_162' title='bbox 360 2795 490 2863; x_wconf 88' lang='lat' dir='ltr'><strong>Icarius</strong></span> <span class='ocrx_word' id='word_1_163' title='bbox 506 2798 609 2864; x_wconf 92' lang='lat' dir='ltr'><strong>viduo</strong></span> <span class='ocrx_word' id='word_1_164' title='bbox 626 2784 802 2864; x_wconf 82' lang='lat' dir='ltr'><strong>discedere</strong></span> <span class='ocrx_word' id='word_1_165' title='bbox 818 2796 906 2862; x_wconf 91' lang='lat' dir='ltr'><strong>lecto</strong></span> 
     </span>
    </p>

    <p class='ocr_par' dir='ltr' id='par_1_14' title="bbox 165 2900 1021 2994">
     <span class='ocr_line' id='line_1_25' title="bbox 165 2900 1021 2994; baseline 0.004 -26"><span class='ocrx_word' id='word_1_166' title='bbox 165 2932 181 2955; x_wconf 58' lang='lat'><strong>⁴</strong></span> <span class='ocrx_word' id='word_1_167' title='bbox 215 2900 330 2991; x_wconf 88' lang='lat' dir='ltr'><strong>Cogit,</strong></span> <span class='ocrx_word' id='word_1_168' title='bbox 350 2916 383 2970; x_wconf 91' lang='lat' dir='ltr'><strong>et</strong></span> <span class='ocrx_word' id='word_1_169' title='bbox 398 2905 584 2972; x_wconf 90' lang='lat' dir='ltr'><strong>immensas</strong></span> <span class='ocrx_word' id='word_1_170' title='bbox 600 2905 878 2994; x_wconf 90' lang='lat' dir='ltr'><strong>increpatusque</strong></span> <span class='ocrx_word' id='word_1_171' title='bbox 895 2925 1021 2973; x_wconf 86' lang='lat' dir='ltr'><strong>moras.</strong></span> 
     </span>
    </p>

    <p class='ocr_par' dir='ltr' id='par_1_15' title="bbox 170 3007 1112 3210">
     <span class='ocr_line' id='line_1_26' title="bbox 170 3007 1112 3102; baseline 0.008 -29"><span class='ocrx_word' id='word_1_172' title='bbox 170 3007 328 3097; x_wconf 88' lang='lat' dir='ltr'><strong>Increpet</strong></span> <span class='ocrx_word' id='word_1_173' title='bbox 344 3035 452 3101; x_wconf 92' lang='lat' dir='ltr'><strong>usque</strong></span> <span class='ocrx_word' id='word_1_174' title='bbox 469 3014 567 3080; x_wconf 88' lang='lat' dir='ltr'><strong>licet:</strong></span> <span class='ocrx_word' id='word_1_175' title='bbox 592 3025 651 3080; x_wconf 93' lang='lat' dir='ltr'><strong>tua</strong></span> <span class='ocrx_word' id='word_1_176' title='bbox 668 3037 757 3090; x_wconf 88' lang='lat' dir='ltr'><strong>sum,</strong></span> <span class='ocrx_word' id='word_1_177' title='bbox 775 3025 834 3080; x_wconf 93' lang='lat' dir='ltr'><strong>tua</strong></span> <span class='ocrx_word' id='word_1_178' title='bbox 849 3014 946 3082; x_wconf 90' lang='lat' dir='ltr'><strong>dicar</strong></span> <span class='ocrx_word' id='word_1_179' title='bbox 960 3023 1112 3102; x_wconf 86' lang='lat' dir='ltr'><strong>oportet;</strong></span> 
     </span>
     <span class='ocr_line' id='line_1_27' title="bbox 214 3115 926 3210; baseline 0.008 -30"><span class='ocrx_word' id='word_1_180' title='bbox 214 3115 387 3205; x_wconf 87' lang='lat' dir='ltr'><strong>Penelope</strong></span> <span class='ocrx_word' id='word_1_181' title='bbox 404 3122 555 3210; x_wconf 84' lang='lat' dir='ltr'><strong>conjunx</strong></span> <span class='ocrx_word' id='word_1_182' title='bbox 572 3143 708 3209; x_wconf 87' lang='lat' dir='ltr'><strong>semper</strong></span> <span class='ocrx_word' id='word_1_183' title='bbox 723 3123 839 3210; x_wconf 67' lang='lat' dir='ltr'><strong>Ulixis</strong></span> <span class='ocrx_word' id='word_1_184' title='bbox 855 3144 926 3190; x_wconf 89' lang='lat' dir='ltr'><strong>ero.</strong></span> 
     </span>
    </p>

    <p class='ocr_par' dir='ltr' id='par_1_16' title="bbox 169 3221 1218 3426">
     <span class='ocr_line' id='line_1_28' title="bbox 169 3221 1218 3319; baseline 0.01 -33"><span class='ocrx_word' id='word_1_185' title='bbox 169 3221 234 3288; x_wconf 87' lang='lat' dir='ltr'><strong>Ille</strong></span> <span class='ocrx_word' id='word_1_186' title='bbox 250 3235 365 3291; x_wconf 89' lang='lat' dir='ltr'><strong>tamen</strong></span> <span class='ocrx_word' id='word_1_187' title='bbox 381 3227 505 3312; x_wconf 90' lang='lat' dir='ltr'><strong>pietate</strong></span> <span class='ocrx_word' id='word_1_188' title='bbox 522 3249 599 3293; x_wconf 90' lang='lat' dir='ltr'><strong>mea</strong></span> <span class='ocrx_word' id='word_1_189' title='bbox 616 3231 844 3319; x_wconf 89' lang='lat' dir='ltr'><strong>precibusque</strong></span> <span class='ocrx_word' id='word_1_190' title='bbox 859 3229 994 3317; x_wconf 89' lang='lat' dir='ltr'><strong>pudicis</strong></span> <span class='ocrx_word' id='word_1_191' title='bbox 1183 3248 1218 3318; x_wconf 71' lang='grc' dir='ltr'><strong>ες</strong></span> 
     </span>
     <span class='ocr_line' id='line_1_29' title="bbox 213 3329 1093 3426; baseline 0.009 -32"><span class='ocrx_word' id='word_1_192' title='bbox 213 3329 410 3419; x_wconf 85' lang='lat' dir='ltr'><strong>Frangitur,</strong></span> <span class='ocrx_word' id='word_1_193' title='bbox 429 3345 462 3398; x_wconf 92' lang='lat' dir='ltr'><strong>et</strong></span> <span class='ocrx_word' id='word_1_194' title='bbox 475 3334 565 3400; x_wconf 88' lang='lat' dir='ltr'><strong>vires</strong></span> <span class='ocrx_word' id='word_1_195' title='bbox 581 3344 749 3423; x_wconf 88' lang='lat' dir='ltr'><strong>temperat</strong></span> <span class='ocrx_word' id='word_1_196' title='bbox 763 3339 837 3424; x_wconf 90' lang='lat' dir='ltr'><strong>ipse</strong></span> <span class='ocrx_word' id='word_1_197' title='bbox 852 3359 946 3404; x_wconf 90' lang='lat' dir='ltr'><strong>suas.</strong></span> <span class='ocrx_word' id='word_1_198' title='bbox 1009 3421 1011 3426; x_wconf 23' lang='grc' dir='ltr'>Ι</span> <span class='ocrx_word' id='word_1_199' title='bbox 1080 3383 1093 3402; x_wconf 45' lang='lat' dir='ltr'><strong>t</strong></span> 
     </span>
    </p>

    <p class='ocr_par' dir='ltr' id='par_1_17' title="bbox 168 3436 1069 3636">
     <span class='ocr_line' id='line_1_30' title="bbox 168 3436 1069 3534; baseline 0.012 -32"><span class='ocrx_word' id='word_1_200' title='bbox 168 3436 321 3504; x_wconf 91' lang='lat' dir='ltr'><strong>Dulichii</strong></span> <span class='ocrx_word' id='word_1_201' title='bbox 339 3438 515 3526; x_wconf 88' lang='lat' dir='ltr'><strong>Samiique</strong></span> <span class='ocrx_word' id='word_1_202' title='bbox 532 3452 565 3506; x_wconf 90' lang='lat' dir='ltr'><strong>et</strong></span> <span class='ocrx_word' id='word_1_203' title='bbox 580 3464 667 3529; x_wconf 91' lang='lat' dir='ltr'><strong>qnos</strong></span> <span class='ocrx_word' id='word_1_204' title='bbox 683 3445 757 3509; x_wconf 91' lang='lat' dir='ltr'><strong>tulit</strong></span> <span class='ocrx_word' id='word_1_205' title='bbox 773 3446 841 3511; x_wconf 89' lang='lat' dir='ltr'><strong>alta</strong></span> <span class='ocrx_word' id='word_1_206' title='bbox 856 3445 1069 3534; x_wconf 88' lang='lat' dir='ltr'><strong>Zacynthos,</strong></span> 
     </span>
     <span class='ocr_line' id='line_1_31' title="bbox 212 3545 967 3636; baseline 0.004 -27"><span class='ocrx_word' id='word_1_207' title='bbox 212 3545 331 3610; x_wconf 90' lang='lat' dir='ltr'><strong>Turba</strong></span> <span class='ocrx_word' id='word_1_208' title='bbox 347 3557 449 3610; x_wconf 90' lang='lat' dir='ltr'><strong>ruunt</strong></span> <span class='ocrx_word' id='word_1_209' title='bbox 464 3547 499 3610; x_wconf 90' lang='lat' dir='ltr'><strong>in</strong></span> <span class='ocrx_word' id='word_1_210' title='bbox 517 3569 571 3612; x_wconf 90' lang='lat' dir='ltr'><strong>me</strong></span> <span class='ocrx_word' id='word_1_211' title='bbox 588 3549 763 3615; x_wconf 90' lang='lat' dir='ltr'><strong>luxuriosa</strong></span> <span class='ocrx_word' id='word_1_212' title='bbox 779 3553 894 3636; x_wconf 83' lang='lat' dir='ltr'><strong>proci3</strong></span> <span class='ocrx_word' id='word_1_213' title='bbox 958 3593 967 3612; x_wconf 52' lang='lat'><em>2</em></span> 
     </span>
    </p>

    <p class='ocr_par' dir='ltr' id='par_1_18' title="bbox 168 3649 1217 3856">
     <span class='ocr_line' id='line_1_32' title="bbox 168 3649 1058 3740; baseline 0.017 -28"><span class='ocrx_word' id='word_1_214' title='bbox 168 3649 277 3734; x_wconf 94' lang='lat' dir='ltr'><strong>Inque</strong></span> <span class='ocrx_word' id='word_1_215' title='bbox 293 3659 351 3715; x_wconf 93' lang='lat' dir='ltr'><strong>tua</strong></span> <span class='ocrx_word' id='word_1_216' title='bbox 367 3664 526 3739; x_wconf 89' lang='lat' dir='ltr'><strong>regnant,</strong></span> <span class='ocrx_word' id='word_1_217' title='bbox 545 3655 648 3719; x_wconf 93' lang='lat' dir='ltr'><strong>nullis</strong></span> <span class='ocrx_word' id='word_1_218' title='bbox 665 3657 937 3740; x_wconf 90' lang='lat' dir='ltr'><strong>prohibentibus,</strong></span> <span class='ocrx_word' id='word_1_219' title='bbox 957 3662 1058 3727; x_wconf 75' lang='lat' dir='ltr'><strong>aula:</strong></span> 
     </span>
     <span class='ocr_line' id='line_1_33' title="bbox 211 3752 1217 3856; baseline 0.017 -40"><span class='ocrx_word' id='word_1_220' title='bbox 211 3752 355 3819; x_wconf 90' lang='lat' dir='ltr'><strong>Viscera</strong></span> <span class='ocrx_word' id='word_1_221' title='bbox 372 3769 499 3833; x_wconf 88' lang='lat' dir='ltr'><strong>nostra,</strong></span> <span class='ocrx_word' id='word_1_222' title='bbox 517 3769 597 3823; x_wconf 90' lang='lat' dir='ltr'><strong>tuae</strong></span> <span class='ocrx_word' id='word_1_223' title='bbox 613 3760 844 3829; x_wconf 87' lang='lat' dir='ltr'><strong>dilacerantur</strong></span> <span class='ocrx_word' id='word_1_224' title='bbox 860 3787 957 3852; x_wconf 87' lang='lat' dir='ltr'><strong>opes.</strong></span> <span class='ocrx_word' id='word_1_225' title='bbox 1181 3801 1217 3856; x_wconf 87' lang='lat'><strong>9⁰</strong></span> 
     </span>
    </p>
   </div>
   <div class='ocr_carea' id='block_1_3' title="bbox 169 3845 1199 4062">
    <p class='ocr_par' dir='ltr' id='par_1_19' title="bbox 169 3845 1199 4062">
     <span class='ocr_line' id='line_1_34' title="bbox 169 3845 1199 3960; baseline 0.02 -41"><span class='ocrx_word' id='word_1_226' title='bbox 169 3854 264 3937; x_wconf 72' lang='lat' dir='ltr'><strong>Quid</strong></span> <span class='ocrx_word' id='word_1_227' title='bbox 280 3859 339 3923; x_wconf 90' lang='lat' dir='ltr'><strong>tibi</strong></span> <span class='ocrx_word' id='word_1_228' title='bbox 356 3859 561 3927; x_wconf 90' lang='lat' dir='ltr'><strong>Pisandrum</strong></span> <span class='ocrx_word' id='word_1_229' title='bbox 578 3863 818 3953; x_wconf 85' lang='lat' dir='ltr'><strong>Polybumque</strong></span> <span class='ocrx_word' id='word_1_230' title='bbox 835 3845 1070 3960; x_wconf 72' lang='lat' dir='ltr'><strong>Medontaque</strong></span> <span class='ocrx_word' id='word_1_231' title='bbox 1086 3874 1199 3942; x_wconf 91' lang='lat' dir='ltr'><strong>dirum</strong></span> 
     </span>
     <span class='ocr_line' id='line_1_35' title="bbox 212 3960 990 4062; baseline 0.026 -37"><span class='ocrx_word' id='word_1_232' title='bbox 212 3960 491 4054; x_wconf 89' lang='lat' dir='ltr'><strong>Eurymachique</strong></span> <span class='ocrx_word' id='word_1_233' title='bbox 508 3969 627 4036; x_wconf 90' lang='lat' dir='ltr'><strong>avidas</strong></span> <span class='ocrx_word' id='word_1_234' title='bbox 640 3969 851 4062; x_wconf 88' lang='lat' dir='ltr'><strong>Antinoique</strong></span> <span class='ocrx_word' id='word_1_235' title='bbox 867 3998 990 4045; x_wconf 90' lang='lat' dir='ltr'><strong>manus</strong></span> 
     </span>
    </p>
   </div>
   <div class='ocr_carea' id='block_1_4' title="bbox 1371 473 1384 530">
    <p class='ocr_par' dir='ltr' id='par_1_20' title="bbox 1371 433 1384 530">
     <span class='ocr_line' id='line_1_36' title="bbox 1371 473 1384 530; baseline 0 0"><span class='ocrx_word' id='word_1_236' title='bbox 1371 473 1384 530; x_wconf 64' lang='lat' dir='ltr'><strong>i</strong></span> 
     </span>
    </p>
   </div>
   <div class='ocr_carea' id='block_1_5' title="bbox 1380 2183 1384 2258">
    <p class='ocr_par' dir='ltr' id='par_1_21' title="bbox 1380 2183 1384 2258">
     <span class='ocr_line' id='line_1_37' title="bbox 1380 2183 1384 2258; baseline 0 0"><span class='ocrx_word' id='word_1_237' title='bbox 1380 2183 1384 2258; x_wconf 86' lang='lat' dir='ltr'><strong>l</strong></span> 
     </span>
    </p>
   </div>
   <div class='ocr_carea' id='block_1_6' title="bbox 0 0 1400 4356">
    <p class='ocr_par' dir='ltr' id='par_1_22' title="bbox 0 0 1400 4356">
     <span class='ocr_line' id='line_1_38' title="bbox 0 0 1400 4356; baseline 0 2"><span class='ocrx_word' id='word_1_238' title='bbox 0 0 1400 4356; x_wconf 95' lang='lat' dir='ltr'><strong> </strong></span> 
     </span>
    </p>
   </div>
  </div>
 </body>
</html>
