2752 4350
178 223 222 293 26
382 245 422 291 11.
463 226 534 293 The
556 224 763 293 Adventare
786 228 835 313 ‘ff
847 226 1040 293 Phaethon.
1085 246 1229 318 [Menan.

177 443 384 508 arsurusque
401 422 524 488 iterum
540 422 714 499 Xanthus,
732 423 910 509 flavusque
927 403 1134 510 Lycormae,
1179 458 1229 513 245

176 532 302 619 quique
319 529 507 594 recurvatis
525 530 609 594 ludit
626 529 835 594 Maeandros
852 530 887 593 in
904 530 1017 606 undis,

177 637 459 726 Mygdoniusque
476 634 590 700 Melas
609 647 641 700 et
656 635 849 701 Taenarius
867 635 1025 703 Eurotas.

220 744 316 811 Arsit
331 755 365 810 et
380 743 575 828 Euphrates
592 740 819 828 Babylonius,
838 743 920 807 arsit
936 743 1097 821 Orontes,

175 852 467 938 Thermodonque
485 848 585 924 citus
601 848 827 936 Gangesque,
841 860 875 914 et
891 848 1027 926 Phasis,
1046 863 1079 917 et
1097 851 1227 918 Hister.

176 969 309 1025 aestuat
323 957 500 1043 Alpheos3
526 955 621 1041 ripae
639 953 871 1041 Spercheides
888 956 1029 1032 ardent3
1177 989 1230 1045 250

175 1066 334 1153 quodque
351 1087 413 1131 suo
428 1064 551 1152 Tagus
569 1083 672 1127 amne
688 1062 794 1136 vehit,
813 1061 887 1128 fluit
901 1061 1053 1150 ignibus,
1073 1084 1216 1139 aurum3

176 1184 208 1238 et
224 1193 313 1259 quae
329 1171 509 1237 Maeonias
526 1169 741 1235 celebrarant
757 1168 909 1233 carmine
925 1169 1018 1254 ripas

118 1295 131 1310 ‘
174 1278 358 1345 flumineae
374 1280 544 1354 volucres,
564 1276 675 1341 medio
693 1275 831 1339 caluere
848 1273 1007 1362 Caystro.

175 1385 277 1452 Nilus
293 1387 329 1450 in
346 1397 535 1451 extremum
552 1383 639 1471 fugit
655 1381 851 1467 perterritus
869 1383 1000 1459 orbem,

174 1493 390 1580 occuluitque
406 1502 521 1577 caput,
541 1490 632 1577 quod
649 1490 764 1554 adhuc
781 1488 882 1552 latett
907 1488 993 1553 ostia
1010 1501 1142 1575 septem
1176 1521 1226 1581 255

175 1600 412 1683 pulverulenta
429 1609 565 1672 vacant,
584 1608 714 1681 septem
732 1596 805 1660 sine
822 1594 964 1659 flumine
980 1597 1100 1684 valles.

175 1706 244 1770 fors
261 1706 382 1771 eadem
401 1705 561 1769 Ismarios
579 1702 735 1768 Hebrum
754 1724 833 1767 cum
851 1701 1036 1788 Strymone
1053 1703 1170 1780 siccat,

176 1804 432 1898 Hesperiosque
473 1832 604 1887 amnes,
637 1810 802 1875 Rhenum
842 1808 1122 1897 Rhodanumque
1160 1810 1228 1877 Pa-

309 1919 474 2004 dumque,

174 2024 297 2112 cuique
316 2025 377 2090 fuit
393 2046 505 2089 rerum
523 2024 690 2110 promissa
707 2022 870 2111 potentia,
889 2022 1060 2110 Thybrin.

219 2131 351 2197 Dissilit
368 2151 468 2197 omne
485 2132 610 2205 solum,
628 2143 849 2217 penetratque
866 2130 901 2195 in
920 2131 1068 2196 Tartara
1085 2130 1179 2198 rimis

173 2238 303 2313 lumen,
321 2249 354 2303 et
370 2238 540 2302 infernum
557 2249 659 2303 terret
676 2258 753 2302 cum
771 2239 919 2325 conjuge
937 2258 1078 2326 regem;

173 2356 205 2408 et
222 2365 316 2408 mare
334 2344 554 2419 contrahitur,
574 2343 754 2430 siccaeque
770 2355 822 2409 est
838 2365 981 2429 campus
1001 2365 1126 2412 arenae

172 2451 381 2537 quodmodo
399 2461 521 2534 pontus
539 2460 624 2525 erat,
639 2470 792 2536 quosque
811 2451 916 2515 altum
934 2463 1066 2517 texerat
1083 2473 1223 2540 aequor.-

172 2556 338 2622 cxsistunt
354 2566 485 2620 montes
503 2566 535 2620 et
551 2575 688 2640 sparsas
706 2554 882 2643 Cycladas
901 2571 1042 2648 augent.

172 2663 240 2727 ima
257 2672 374 2748 petunt
390 2662 514 2748 pisces,
533 2683 597 2727 nec
614 2683 650 2728 se
667 2685 770 2749 super
787 2687 937 2754 aequora
955 2670 1050 2737 curvi
1174 2687 1224 2759 265

168 2770 289 2834 tollere
306 2778 487 2834 consuetas
504 2769 630 2834 audent
646 2770 826 2856 delphines
843 2774 878 2838 in
896 2797 1010 2843 auras.

172 2896 314 2961 corpora
331 2877 520 2961 phocarum
538 2897 671 2942 summo
689 2880 850 2965 resupina
868 2884 1038 2968 profundo

172 2981 366 3048 exanimata
383 2994 520 3048 natant:
545 2983 656 3070 ipsum
675 3009 811 3075 quoque
829 2989 946 3056 Nerea
963 2993 1056 3056 fama
1073 3000 1124 3058 est

172 3087 369 3175 Doridaque
386 3100 418 3153 et
434 3102 530 3156 natas
547 3091 669 3177 tepidis
687 3096 826 3162 latuisse
843 3100 907 3164 sub
924 3099 1040 3164 antris.

171 3205 221 3259 ter
236 3193 419 3279 Neptunus
436 3197 532 3282 aquis
549 3219 628 3264 cum
645 3213 742 3268 torvo
757 3205 921 3271 bracchia
936 3206 1032 3271 vultu
1172 3236 1224 3291 270

172 3321 330 3366 exserere
348 3322 449 3367 ausus
466 3315 558 3380 erat3
583 3321 635 3374 ter
651 3334 719 3377 non
736 3312 811 3378 tulit
827 3313 915 3378 aiiris
931 3313 1042 3400 ignes

215 3406 320 3500 Alma
336 3419 451 3474 tamen
466 3411 601 3491 Tellus,
619 3430 658 3483 ut
674 3431 745 3484 erat
762 3419 972 3485 circumdata
989 3429 1105 3505 pont0,

171 3515 258 3579 inter
274 3535 379 3601 aquas
396 3519 525 3610 pelagi,
545 3536 736 3591 contractos
753 3525 904 3612 undique
920 3525 1043 3601 fontes,

171 3621 228 3706 qui
245 3642 280 3685 se
298 3625 521 3696 condiderant
537 3631 571 3695 in
588 3652 718 3716 opacae
734 3631 867 3696 viscera
885 3631 1013 3708 matris,

171 3729 304 3794 sustulit
320 3757 504 3821 oppressos
521 3739 609 3803 collo
625 3747 724 3802 tenus
741 3737 837 3802 arida
853 3738 986 3803 vultus:
1171 3769 1222 3827 275

171 3842 396 3927 opposuitque
414 3864 553 3907 manum
571 3843 684 3918 fronti,
704 3864 900 3930 magnoque
916 3855 1063 3908 tremore

171 3948 287 4011 omnia
304 3947 502 4012 concutiens
518 3948 659 4032 paulum
677 3947 842 4024 subsedit,
862 3959 894 4011 et
909 3948 998 4013 infra
