2752 4350
198 254 244 322 44
452 218 620 300 'Perseus
643 236 718 300 ond
737 233 977 302 Andromeda.
1105 251 1252 323 [Mmffl

197 430 278 495 huic
294 449 430 516 quoque
448 429 571 496 ‘Vade
592 434 726 517 procul,
744 453 787 497 ne
804 433 909 519 longe
926 432 1037 520 gloria
1053 452 1181 509 rerum,

197 559 301 624 quam
319 534 494 611 mentiriS,'
511 536 558 600 ait
574 549 583 576 ⁶
597 538 701 624 longe
718 538 777 602 tibi
789 538 948 624 Juppiter
964 537 1053 602 absit
1064 538 1093 612 ;’
1197 554 1252 624 650

196 645 335 731 vimque
352 642 452 707 minis
470 641 576 717 addit,
596 644 821 731 manibusque
838 644 1012 728 expellere
1028 654 1170 730 temptat

198 761 424 824 cunctantem,
442 759 475 813 et
490 748 636 832 placidis
653 750 853 815 miscentem
871 749 969 815 sortia
985 750 1095 815 dictis.

241 855 380 921 Viribus
397 853 677 941 inferior-quis
695 856 786 920 enim
802 876 866 941 par
882 867 971 922 esset
986 854 1118 922 Atlanti

196 961 401 1028 viribusi-
414 960 484 1026 ‘At
498 960 661 1047 quoniam
678 961 776 1047 parvi
793 961 851 1027 tibi
869 962 981 1049 gratia
998 973 1112 1028 nostra
1129 974 1191 1040 est,

197 1070 316 1155 accipe
332 1068 482 1144 munus‚’
500 1069 566 1141 ait;
592 1067 760 1154 laevaque
777 1088 798 1131 a
816 1080 911 1153 parte
928 1067 1097 1134 Medusae
1194 1085 1247 1155 653

196 1177 269 1262 ipse
286 1188 494 1242 retroversus
512 1174 702 1261 squalentia
719 1174 868 1258 prodidit
883 1195 957 1239 ora.

196 1296 342 1371 quantus
360 1293 443 1357 erat,
460 1303 557 1346 mons
574 1280 684 1346 factus
696 1277 818 1346 Atlas:
836 1302 918 1345 nam
933 1282 1041 1348 barba
1058 1303 1247 1369 comaeque

195 1391 230 1455 in
247 1391 350 1455 silvas
368 1391 505 1464 abeunt,
521 1388 608 1475 juga
625 1399 704 1454 sunt
721 1387 923 1475 humerique
941 1410 1153 1476 manusque3

195 1498 285 1584 quod
302 1507 404 1581 caput
421 1506 499 1560 ante
516 1494 590 1568 fuit,
609 1515 743 1560 summo
761 1495 862 1560 estin
881 1506 994 1560 monte
1011 1516 1198 1572 cacumen;

193 1625 271 1668 ossa
288 1603 375 1687 lapis
391 1603 488 1666 fiunt.
536 1601 629 1665 Tum
645 1613 760 1686 partes
777 1612 896 1666 auctus
913 1601 948 1666 in
964 1624 1084 1668 omnes
1191 1617 1246 1676 660

194 1710 299 1774 crevit
314 1709 349 1773 in
365 1709 571 1773 immensum
582 1708 688 1773 —sic
704 1708 739 1773 di
756 1708 973 1774 statuistis—
983 1719 1016 1774 et
1031 1729 1133 1777 omne

193 1837 271 1881 cum
288 1827 335 1880 tot
351 1815 517 1881 sideribus
534 1815 669 1880 caelum
687 1815 852 1902 requievit
868 1815 903 1880 in
920 1815 989 1882 illo.

137 1909 183 2006 ts*
218 1897 418 1987 ¹'Clauserat
435 1921 651 2007 Hippotades
668 1935 807 1988 aeterno
825 1943 964 1989 carcere
980 1933 1114 2001 ventos,

192 2029 449 2116 admonitorque
466 2050 608 2115 operum
626 2029 723 2094 caelo
740 2029 950 2095 clarissimus
967 2031 1035 2096 alto

191 2135 332 2201 Lucifer
348 2148 440 2217 ortus
457 2147 541 2200 erat.
591 2134 720 2201 Pennis
737 2135 824 2224 ligat
840 2136 897 2202 ille
914 2137 1097 2223 resumptis
1190 2155 1243 2228 665

192 2255 287 2328 parte
304 2244 347 2307 ab
365 2253 507 2329 utraque
524 2242 643 2327 pedes,
661 2242 798 2329 teloque
816 2243 1009 2332 accingitur
1024 2265 1127 2323 unce,

191 2361 224 2414 et
239 2349 405 2436 liquidum
423 2349 521 2414 motis
536 2347 700 2413 talaribus
718 2354 799 2413 aera
816 2349 925 2415 findit.

191 2458 350 2545 gentihus
366 2455 553 2521 innumeris
571 2455 768 2541 circumque
785 2456 942 2544 infraque
960 2457 1100 2535 relictiS,

190 2562 399 2647 Aethiopum
417 2563 562 2647 populos
579 2560 793 2650 Cepheaque
810 2564 977 2649 conspicit
992 2586 1089 2630 arva.

190 2670 260 2735 illic
277 2669 479 2733 immeritam
497 2679 671 2733 maternae
687 2670 839 2755 pendere
856 2670 998 2758 linguae
1186 2689 1242 2758 ⁶70

189 2775 437 2841 Andromedan
455 2796 584 2860 poenas
601 2774 740 2842 immitis
753 2775 904 2864 jusserat
918 2775 1085 2844 Ammon.

235 2882 350 2969 Qam
368 2881 469 2946 simul
486 2882 531 2947 ad
547 2882 650 2947 duras
666 2882 848 2970 religatam
865 2884 1029 2949 bracchia
1045 2894 1162 2952 cautes

188 2990 271 3054 vidit
286 2987 511 3063 Abantiades,
524 2988 644 3052 —nisi
661 2989 753 3076 quod
770 2990 855 3055 levis
872 3011 957 3056 aura
974 2991 1118 3077 capillos

188 3107 352 3168 moverat,
372 3106 404 3159 et
419 3094 533 3180 tepido
551 3096 738 3160 manabant
754 3097 885 3162 lumina
901 3097 996 3174 fietu,

188 3223 416 3266 marmoreum
432 3211 525 3266 ratus
542 3212 631 3267 esset
647 3204 902 3289 opus—trahit
918 3205 1046 3272 inscius
1062 3203 1176 3295 ignes,

187 3319 219 3373 et
235 3318 359 3393 stupet,
377 3318 411 3372 et
425 3307 520 3372 visae
538 3321 715 3395 correptus
731 3309 883 3399 imagine
900 3312 1043 3388 formae,

186 3435 296 3500 paene
313 3435 393 3479 suas
409 3426 549 3500 quatere
568 3427 618 3482 est
633 3417 757 3482 oblitus
774 3417 810 3482 in
826 3423 908 3483 aere
924 3439 1069 3503 pennas.

185 3534 221 3586 ut
237 3523 337 3595 stetit,
355 3520 424 3587 ‘0’
441 3522 527 3588 dixit
541 3523 628 3588 ‘non
646 3523 717 3588 istis
734 3524 840 3610 digna
857 3525 1001 3603 catenis,

186 3629 245 3693 sed
263 3629 384 3714 quibus
402 3628 490 3693 inter
507 3651 543 3694 se
561 3628 675 3714 cupidi
688 3629 881 3717 junguntur
896 3643 1064 3710 amantes,

185 3735 297 3818 pande
315 3735 498 3822 requirenti
515 3755 640 3799 nomen
656 3745 834 3820 terraeque
850 3747 1027 3824 tuumque,
1180 3756 1236 3814 680

183 3851 217 3903 et
233 3860 293 3903 cur
309 3839 422 3904 vincla
440 3838 566 3926 geras!
611 3837 728 3903 Primo
744 3839 821 3904 silet
837 3839 909 3915 illa,
927 3864 991 3908 nec
1008 3843 1111 3913 audet

184 3946 360 4032 appellare
376 3945 486 4009 virum
503 3943 622 4031 virg03
648 3944 874 4032 manibusque
891 3950 1063 4018 modestos
