2790 4356
168 271 233 348 174
532 256 692 324 'Skorter
714 257 848 323 Poems.
1069 271 1213 343 [Trnsrm

164 455 281 542 thue
296 454 494 530 resurrexit,
512 455 657 520 foedatis
673 456 816 540 pulvere
833 453 923 540 turpi

211 561 384 636 Crinibus
404 573 437 626 et
452 561 567 648 gelida
587 562 740 625 membra
757 561 883 625 levavit
900 561 1020 635 humo,

165 666 212 732 Se
231 668 344 742 modo,
363 668 515 732 desertos
534 667 634 732 modo
652 669 884 752 complorasse
901 665 1066 743 Penates,
1181 697 1216 757 95

209 773 348 839 Nomen
365 785 398 837 et
413 773 519 857 erepti
537 794 640 858 saepe
657 793 799 837 vocasse
817 772 901 847 viri;

164 879 242 944 Nec
259 880 432 967 gemuisse
449 879 574 955 minus,
593 900 697 964 quam
715 878 743 943 si
761 890 908 944 nataeve
925 901 1083 947 meumve

208 985 361 1051 Vidisset
377 996 520 1050 structos
537 1005 662 1070 corpus
681 986 808 1050 babere
827 1007 945 1074 rogos,

164 1091 208 1158 Et
224 1092 371 1177 voluisse
389 1091 486 1168 mori,
506 1091 683 1156 moriendo
700 1113 827 1176 ponere
846 1115 968 1159 sensus
983 1131 1028 1144 -

210 1198 453 1286 Respectuque
469 1209 585 1263 tamen
601 1219 670 1262 non
687 1198 838 1264 voluisse
857 1200 937 1266 mei.
1167 1232 1217 1274 100

163 1305 288 1373 Vivat!
314 1317 347 1370 et
357 1307 539 1370 'absentem
552 1304 773 1390 -quoniam
792 1305 841 1371 sie
858 1307 928 1373 sata
944 1308 1094 1374 tulerunt
1105 1343 1150 1358 -

208 1413 313 1479 Vivat
328 1423 365 1478 ut
380 1411 509 1478 auxilio
525 1411 681 1478 sublevet
696 1433 807 1500 usque
824 1434 902 1480 suo.

299 1754 331 1802 2.
365 1734 437 1802 The
458 1734 595 1801 Exr'le’s
619 1733 703 1802 Sick
733 1735 997 1825 Chamberfiii.
1016 1735 1072 1824 3).

195 2029 197 2034 Ι
249 1948 347 2017 AEC
365 1971 455 2027 mea,
473 1949 501 2016 si
520 1929 602 2016 c'asu
620 1950 767 2027 miraris,
786 1950 930 2036 epistola
945 1969 1053 2036 quare

293 2056 445 2122 Alterius
462 2057 578 2144 digitis
595 2057 722 2142 scripta
739 2057 793 2132 sit,
813 2077 920 2144 aeger
936 2076 1044 2121 eram.

164 2163 282 2252 Aeger
299 2165 333 2229 in
351 2164 512 2229 extremis
529 2164 638 2251 ignoti
656 2164 810 2250 partibus
827 2163 934 2240 orbiS,

210 2264 432 2359 incertusque
450 2292 547 2336 meae
565 2291 676 2356 paene
695 2271 813 2336 salutis
830 2292 939 2336 eram.
1029 2353 1031 2360 y

166 2376 260 2464 Quid
278 2378 362 2442 mihi
379 2399 471 2442 nunc
488 2378 593 2442 animi
611 2377 685 2450 dira
701 2377 845 2465 regione
859 2375 987 2465 jacenti
1204 2408 1220 2462 ⁵

210 2484 302 2549 Inter
319 2483 542 2550 Sauromatas
559 2505 635 2550 esse
654 2483 829 2570 Getasque
848 2482 969 2570 putes?
1255 2474 1260 2480 ’

164 2591 242 2656 Nec
258 2591 392 2657 caelum
409 2591 533 2676 patior,
552 2611 617 2656 nec
634 2591 731 2677 aquis
750 2591 973 2656 adsuevimus
989 2589 1074 2668 istis,

208 2697 387 2785 Terraque
403 2697 604 2784 nescioquo
621 2718 691 2762 non
707 2698 821 2782 placet
837 2697 913 2782 ipsa
931 2697 1045 2763 modo.

164 2803 245 2869 Non
262 2805 385 2870 domus
403 2815 482 2890 apta
498 2804 592 2882 satis,
612 2825 683 2870 non
699 2804 757 2870 hic
773 2805 870 2871 cibus
887 2803 979 2870 utilis
996 2824 1124 2892 aegr03

209 2911 349 2989 NulluS,
367 2910 554 2998 Apollinea
571 2913 628 2999 qui
645 2913 736 2978 levet
752 2924 824 2977 arte
840 2912 993 2987 malum3
1187 2940 1220 2980 ιο

165 3018 245 3084 Non
263 3020 321 3106 qui
337 3022 476 3097 soletur,
495 3041 564 3085 non
580 3019 639 3107 qui
656 3018 808 3085 labentia
826 3020 922 3085 tarde
1161 3017 1165 3027 '

210 3126 386 3214 Tempora
400 3128 573 3193 narrando
589 3127 698 3204 sallat,
718 3126 850 3193 amicus
867 3127 976 3192 adest.

165 3232 297 3300 Lassus
313 3235 348 3299 in
365 3236 525 3299 extremis
538 3234 639 3322 jaceo
655 3233 859 3321 populisque
877 3233 1044 3321 locisque,

211 3340 255 3406 Et
271 3341 360 3407 subit
377 3341 509 3406 adfecto
526 3362 618 3407 nunc
634 3340 732 3417 mihi,
750 3340 914 3429 quicquid
931 3341 1041 3406 abest.

167 3447 293 3514 Omnia
310 3469 388 3516 cum
406 3448 562 3523 subeant,
580 3447 689 3513 vincis
705 3459 821 3514 tamen
838 3448 969 3524 omnia,
989 3445 1153 3536 conjunx,
1185 3476 1215 3534 ις

211 3555 255 3621 Et
271 3556 347 3641 plus
363 3554 398 3620 in
414 3568 529 3620 nostro
545 3565 683 3640 pectore
699 3565 796 3640 parte
812 3567 922 3621 tenes.

166 3659 219 3722 Te
236 3659 355 3744 loquor
372 3659 559 3732 absentem,
577 3668 610 3722 te
626 3679 695 3722 vox
711 3679 788 3723 mea
805 3659 960 3725 nominat
976 3679 1103 3734 unam3

212 3763 318 3827 Nulla
334 3763 426 3827 venit
442 3762 515 3827 sine
531 3771 564 3826 te
580 3783 650 3828 nox
666 3764 763 3839 mihi,
782 3766 877 3830 nulla
893 3767 979 3832 dies.

168 3865 262 3950 Quin
280 3867 381 3930 etiam
398 3867 447 3931 sic
463 3887 519 3931 me
535 3867 652 3932 dicunt
667 3868 780 3933 aliena
797 3870 961 3949 locutum,

213 3970 261 4035 Ut
276 3971 360 4034 foret
376 3971 502 4036 amenti
519 3992 644 4036 nomen
662 3971 697 4036 in
713 3993 771 4039 ore
787 3986 894 4042 tuum.
