<?xml version="1.0" encoding="UTF-8"?>
<!DOCTYPE html PUBLIC "-//W3C//DTD XHTML 1.0 Transitional//EN"
    "http://www.w3.org/TR/xhtml1/DTD/xhtml1-transitional.dtd">
<html xmlns="http://www.w3.org/1999/xhtml" xml:lang="en" lang="en">
 <head>
  <title>
</title>
<meta http-equiv="Content-Type" content="text/html;charset=utf-8" />
  <meta name='ocr-system' content='tesseract 3.04.00' />
  <meta name='ocr-capabilities' content='ocr_page ocr_carea ocr_par ocr_line ocrx_word'/>
</head>
<body>
  <div class='ocr_page' id='page_1' title='image "./poemataquaedame00ovidgoog_0072.png"; bbox 0 0 2752 4350; ppageno 0'>
   <div class='ocr_carea' id='block_1_1' title="bbox 163 223 1215 315">
    <p class='ocr_par' dir='ltr' id='par_1_1' title="bbox 163 223 1215 315">
     <span class='ocr_line' id='line_1_1' title="bbox 163 223 1215 315; baseline -0.016 -17"><span class='ocrx_word' id='word_1_1' title='bbox 163 243 201 298; x_wconf 90' lang='lat' dir='ltr'><strong>V.</strong></span> <span class='ocrx_word' id='word_1_2' title='bbox 216 243 293 315; x_wconf 90' lang='lat'>600.]</span> <span class='ocrx_word' id='word_1_3' title='bbox 472 223 544 290; x_wconf 74' lang='lat' dir='ltr'><strong>The</strong></span> <span class='ocrx_word' id='word_1_4' title='bbox 573 223 659 290; x_wconf 84' lang='lat' dir='ltr'><em>Tale</em></span> <span class='ocrx_word' id='word_1_5' title='bbox 682 225 730 310; x_wconf 89' lang='lat' dir='ltr'><strong>of</strong></span> <span class='ocrx_word' id='word_1_6' title='bbox 742 223 932 290; x_wconf 76' lang='lat' dir='ltr'><em>Arethusa.</em></span> <span class='ocrx_word' id='word_1_7' title='bbox 1173 236 1215 309; x_wconf 84' lang='lat'><strong>57</strong></span> 
     </span>
    </p>
   </div>
   <div class='ocr_carea' id='block_1_2' title="bbox 144 418 1215 4035">
    <p class='ocr_par' dir='ltr' id='par_1_2' title="bbox 163 418 1184 611">
     <span class='ocr_line' id='line_1_2' title="bbox 164 418 1184 507; baseline 0.001 -23"><span class='ocrx_word' id='word_1_8' title='bbox 164 441 244 485; x_wconf 94' lang='lat' dir='ltr'><strong>cum</strong></span> <span class='ocrx_word' id='word_1_9' title='bbox 262 431 367 485; x_wconf 90' lang='lat' dir='ltr'><strong>matre</strong></span> <span class='ocrx_word' id='word_1_10' title='bbox 384 430 436 485; x_wconf 90' lang='lat' dir='ltr'><strong>est</strong></span> <span class='ocrx_word' id='word_1_11' title='bbox 450 420 603 496; x_wconf 89' lang='lat' dir='ltr'><strong>totidem,</strong></span> <span class='ocrx_word' id='word_1_12' title='bbox 620 420 761 486; x_wconf 87' lang='lat' dir='ltr'><strong>totidem</strong></span> <span class='ocrx_word' id='word_1_13' title='bbox 778 441 855 484; x_wconf 92' lang='lat' dir='ltr'><strong>cum</strong></span> <span class='ocrx_word' id='word_1_14' title='bbox 873 418 1021 507; x_wconf 85' lang='lat' dir='ltr'><strong>conjuge</strong></span> <span class='ocrx_word' id='word_1_15' title='bbox 1038 441 1184 485; x_wconf 88' lang='lat' dir='ltr'><strong>menses.</strong></span> 
     </span>
     <span class='ocr_line' id='line_1_3' title="bbox 163 523 958 611; baseline -0.003 -21"><span class='ocrx_word' id='word_1_16' title='bbox 163 527 303 590; x_wconf 86' lang='lat' dir='ltr'><strong>vertitur</strong></span> <span class='ocrx_word' id='word_1_17' title='bbox 319 523 492 611; x_wconf 84' lang='lat' dir='ltr'><strong>extemplo</strong></span> <span class='ocrx_word' id='word_1_18' title='bbox 509 526 615 591; x_wconf 81' lang='lat' dir='ltr'><strong>facies</strong></span> <span class='ocrx_word' id='word_1_19' title='bbox 632 538 665 590; x_wconf 89' lang='lat' dir='ltr'><strong>et</strong></span> <span class='ocrx_word' id='word_1_20' title='bbox 682 524 804 591; x_wconf 84' lang='lat' dir='ltr'><strong>mentis</strong></span> <span class='ocrx_word' id='word_1_21' title='bbox 821 537 854 590; x_wconf 88' lang='lat' dir='ltr'><strong>et</strong></span> <span class='ocrx_word' id='word_1_22' title='bbox 869 525 958 590; x_wconf 87' lang='lat' dir='ltr'><strong>oris:</strong></span> 
     </span>
    </p>

    <p class='ocr_par' dir='ltr' id='par_1_3' title="bbox 144 631 1215 928">
     <span class='ocr_line' id='line_1_4' title="bbox 163 631 1142 718; baseline 0 -22"><span class='ocrx_word' id='word_1_23' title='bbox 163 652 245 696; x_wconf 91' lang='lat' dir='ltr'><strong>nam</strong></span> <span class='ocrx_word' id='word_1_24' title='bbox 263 634 363 697; x_wconf 92' lang='lat' dir='ltr'><strong>modo</strong></span> <span class='ocrx_word' id='word_1_25' title='bbox 380 652 469 718; x_wconf 86' lang='lat' dir='ltr'><strong>quae</strong></span> <span class='ocrx_word' id='word_1_26' title='bbox 486 643 618 717; x_wconf 85' lang='lat' dir='ltr'><strong>poterat</strong></span> <span class='ocrx_word' id='word_1_27' title='bbox 633 632 704 698; x_wconf 86' lang='lat' dir='ltr'><strong>Diti</strong></span> <span class='ocrx_word' id='word_1_28' title='bbox 720 653 856 718; x_wconf 92' lang='lat' dir='ltr'><strong>quoque</strong></span> <span class='ocrx_word' id='word_1_29' title='bbox 874 642 1003 696; x_wconf 90' lang='lat' dir='ltr'><strong>maesta</strong></span> <span class='ocrx_word' id='word_1_30' title='bbox 1018 631 1142 710; x_wconf 92' lang='lat' dir='ltr'><strong>videri,</strong></span> 
     </span>
     <span class='ocr_line' id='line_1_5' title="bbox 162 737 1215 826; baseline 0.002 -24"><span class='ocrx_word' id='word_1_31' title='bbox 162 739 254 803; x_wconf 89' lang='lat' dir='ltr'><strong>laeta</strong></span> <span class='ocrx_word' id='word_1_32' title='bbox 270 739 356 803; x_wconf 88' lang='lat' dir='ltr'><strong>deae</strong></span> <span class='ocrx_word' id='word_1_33' title='bbox 373 738 467 804; x_wconf 82' lang='lat' dir='ltr'><strong>frons</strong></span> <span class='ocrx_word' id='word_1_34' title='bbox 483 750 554 813; x_wconf 90' lang='lat' dir='ltr'><strong>est;</strong></span> <span class='ocrx_word' id='word_1_35' title='bbox 579 749 616 803; x_wconf 94' lang='lat' dir='ltr'><strong>ut</strong></span> <span class='ocrx_word' id='word_1_36' title='bbox 632 739 697 814; x_wconf 89' lang='lat' dir='ltr'><strong>sol,</strong></span> <span class='ocrx_word' id='word_1_37' title='bbox 715 738 773 825; x_wconf 93' lang='lat' dir='ltr'><strong>qui</strong></span> <span class='ocrx_word' id='word_1_38' title='bbox 791 748 898 803; x_wconf 90' lang='lat' dir='ltr'><strong>tectus</strong></span> <span class='ocrx_word' id='word_1_39' title='bbox 915 737 1054 825; x_wconf 87' lang='lat' dir='ltr'>aquosis</span> <span class='ocrx_word' id='word_1_40' title='bbox 1162 770 1215 826; x_wconf 83' lang='lat'><strong>570</strong></span> 
     </span>
     <span class='ocr_line' id='line_1_6' title="bbox 144 844 909 928; baseline -0.001 -20"><span class='ocrx_word' id='word_1_41' title='bbox 144 845 310 928; x_wconf 62' lang='lat' dir='ltr'><strong>,nubibus</strong></span> <span class='ocrx_word' id='word_1_42' title='bbox 327 856 405 910; x_wconf 90' lang='lat' dir='ltr'><strong>ante</strong></span> <span class='ocrx_word' id='word_1_43' title='bbox 421 844 496 920; x_wconf 86' lang='lat' dir='ltr'><strong>suit,</strong></span> <span class='ocrx_word' id='word_1_44' title='bbox 514 844 612 909; x_wconf 92' lang='lat' dir='ltr'><strong>victis</strong></span> <span class='ocrx_word' id='word_1_45' title='bbox 628 865 647 910; x_wconf 87' lang='lat' dir='ltr'><strong>e</strong></span> <span class='ocrx_word' id='word_1_46' title='bbox 665 845 811 910; x_wconf 90' lang='lat' dir='ltr'><strong>nubibus</strong></span> <span class='ocrx_word' id='word_1_47' title='bbox 828 845 909 908; x_wconf 85' lang='lat' dir='ltr'><strong>exit.</strong></span> 
     </span>
    </p>

    <p class='ocr_par' dir='ltr' id='par_1_4' title="bbox 160 949 1212 1442">
     <span class='ocr_line' id='line_1_7' title="bbox 208 949 977 1038; baseline 0 -24"><span class='ocrx_word' id='word_1_48' title='bbox 208 950 326 1038; x_wconf 88' lang='lat' dir='ltr'><strong>Exigit</strong></span> <span class='ocrx_word' id='word_1_49' title='bbox 343 951 434 1016; x_wconf 88' lang='lat' dir='ltr'><strong>alma</strong></span> <span class='ocrx_word' id='word_1_50' title='bbox 450 949 572 1027; x_wconf 88' lang='lat' dir='ltr'><strong>Ceres,</strong></span> <span class='ocrx_word' id='word_1_51' title='bbox 590 959 670 1016; x_wconf 87' lang='lat' dir='ltr'><strong>nata</strong></span> <span class='ocrx_word' id='word_1_52' title='bbox 688 971 807 1016; x_wconf 89' lang='lat' dir='ltr'><strong>secura</strong></span> <span class='ocrx_word' id='word_1_53' title='bbox 825 960 977 1036; x_wconf 89' lang='lat' dir='ltr'><strong>recepta,</strong></span> 
     </span>
     <span class='ocr_line' id='line_1_8' title="bbox 161 1056 1176 1145; baseline 0.002 -25"><span class='ocrx_word' id='word_1_54' title='bbox 161 1077 251 1145; x_wconf 91' lang='lat' dir='ltr'><strong>quae</strong></span> <span class='ocrx_word' id='word_1_55' title='bbox 267 1057 326 1122; x_wconf 92' lang='lat' dir='ltr'><strong>tibi</strong></span> <span class='ocrx_word' id='word_1_56' title='bbox 343 1078 448 1123; x_wconf 90' lang='lat' dir='ltr'><strong>causa</strong></span> <span class='ocrx_word' id='word_1_57' title='bbox 464 1058 582 1144; x_wconf 83' lang='lat' dir='ltr'><strong>sugas,</strong></span> <span class='ocrx_word' id='word_1_58' title='bbox 601 1057 738 1134; x_wconf 90' lang='lat' dir='ltr'><strong>cursis,</strong></span> <span class='ocrx_word' id='word_1_59' title='bbox 756 1056 944 1132; x_wconf 82' lang='lat' dir='ltr'>Arethusa,</span> <span class='ocrx_word' id='word_1_60' title='bbox 963 1077 1062 1123; x_wconf 89' lang='lat' dir='ltr'><strong>sacer</strong></span> <span class='ocrx_word' id='word_1_61' title='bbox 1077 1056 1176 1123; x_wconf 86' lang='lat' dir='ltr'><strong>sons?</strong></span> 
     </span>
     <span class='ocr_line' id='line_1_9' title="bbox 161 1163 998 1250; baseline 0 -22"><span class='ocrx_word' id='word_1_62' title='bbox 161 1163 356 1229; x_wconf 87' lang='lat' dir='ltr'><strong>conticuere</strong></span> <span class='ocrx_word' id='word_1_63' title='bbox 372 1164 508 1228; x_wconf 62' lang='lat' dir='ltr'><strong>undae}</strong></span> <span class='ocrx_word' id='word_1_64' title='bbox 534 1184 679 1250; x_wconf 90' lang='lat' dir='ltr'><strong>quarum</strong></span> <span class='ocrx_word' id='word_1_65' title='bbox 697 1165 762 1228; x_wconf 92' lang='lat' dir='ltr'><strong>dea</strong></span> <span class='ocrx_word' id='word_1_66' title='bbox 779 1163 913 1228; x_wconf 87' lang='lat' dir='ltr'><strong>sustulit</strong></span> <span class='ocrx_word' id='word_1_67' title='bbox 930 1165 998 1228; x_wconf 87' lang='lat' dir='ltr'><strong>alto</strong></span> 
     </span>
     <span class='ocr_line' id='line_1_10' title="bbox 160 1269 1212 1356; baseline 0.001 -22"><span class='ocrx_word' id='word_1_68' title='bbox 160 1270 253 1334; x_wconf 85' lang='lat' dir='ltr'><strong>sonte</strong></span> <span class='ocrx_word' id='word_1_69' title='bbox 270 1279 385 1355; x_wconf 88' lang='lat' dir='ltr'><strong>caput,</strong></span> <span class='ocrx_word' id='word_1_70' title='bbox 404 1269 598 1356; x_wconf 91' lang='lat' dir='ltr'><strong>viridesque</strong></span> <span class='ocrx_word' id='word_1_71' title='bbox 616 1291 722 1335; x_wconf 87' lang='lat' dir='ltr'><strong>manu</strong></span> <span class='ocrx_word' id='word_1_72' title='bbox 737 1270 865 1336; x_wconf 90' lang='lat' dir='ltr'><strong>siccata</strong></span> <span class='ocrx_word' id='word_1_73' title='bbox 882 1270 1025 1355; x_wconf 87' lang='lat' dir='ltr'><strong>capillos</strong></span> <span class='ocrx_word' id='word_1_74' title='bbox 1161 1299 1212 1356; x_wconf 79' lang='lat'><strong>575</strong></span> 
     </span>
     <span class='ocr_line' id='line_1_11' title="bbox 160 1375 893 1442; baseline -0.001 -3"><span class='ocrx_word' id='word_1_75' title='bbox 160 1376 311 1441; x_wconf 90' lang='lat' dir='ltr'><strong>fluminis</strong></span> <span class='ocrx_word' id='word_1_76' title='bbox 328 1375 405 1442; x_wconf 88' lang='lat' dir='ltr'><strong>Elei</strong></span> <span class='ocrx_word' id='word_1_77' title='bbox 421 1388 553 1442; x_wconf 87' lang='lat' dir='ltr'><strong>veteres</strong></span> <span class='ocrx_word' id='word_1_78' title='bbox 570 1377 720 1441; x_wconf 89' lang='lat' dir='ltr'><strong>narravit</strong></span> <span class='ocrx_word' id='word_1_79' title='bbox 737 1397 893 1442; x_wconf 88' lang='lat' dir='ltr'><strong>amores:</strong></span> 
     </span>
    </p>

    <p class='ocr_par' dir='ltr' id='par_1_5' title="bbox 161 1480 1187 1664">
     <span class='ocr_line' id='line_1_12' title="bbox 162 1480 1187 1570; baseline 0 -23"><span class='ocrx_word' id='word_1_80' title='bbox 162 1481 270 1548; x_wconf 81' lang='lat' dir='ltr'><strong>‘Pars</strong></span> <span class='ocrx_word' id='word_1_81' title='bbox 288 1504 354 1570; x_wconf 87' lang='lat' dir='ltr'><strong>ego</strong></span> <span class='ocrx_word' id='word_1_82' title='bbox 371 1484 616 1569; x_wconf 84' lang='lat' dir='ltr'>nympharum,</span> <span class='ocrx_word' id='word_1_83' title='bbox 634 1505 723 1570; x_wconf 90' lang='lat' dir='ltr'><strong>quae</strong></span> <span class='ocrx_word' id='word_1_84' title='bbox 739 1482 868 1548; x_wconf 90' lang='lat' dir='ltr'><strong>suntin</strong></span> <span class='ocrx_word' id='word_1_85' title='bbox 885 1480 1071 1560; x_wconf 87' lang='lat' dir='ltr'><strong>Achaide,’</strong></span> <span class='ocrx_word' id='word_1_86' title='bbox 1088 1482 1187 1560; x_wconf 85' lang='lat' dir='ltr'><strong>dixit,</strong></span> 
     </span>
     <span class='ocr_line' id='line_1_13' title="bbox 161 1590 947 1664; baseline 0.004 -9"><span class='ocrx_word' id='word_1_87' title='bbox 161 1601 254 1655; x_wconf 89' lang='lat' dir='ltr'><strong>‘una</strong></span> <span class='ocrx_word' id='word_1_88' title='bbox 270 1590 339 1664; x_wconf 89' lang='lat' dir='ltr'><strong>sui;</strong></span> <span class='ocrx_word' id='word_1_89' title='bbox 364 1611 429 1656; x_wconf 92' lang='lat' dir='ltr'><strong>nec</strong></span> <span class='ocrx_word' id='word_1_90' title='bbox 446 1609 501 1654; x_wconf 88' lang='lat' dir='ltr'><strong>me</strong></span> <span class='ocrx_word' id='word_1_91' title='bbox 517 1590 701 1656; x_wconf 88' lang='lat' dir='ltr'><strong>studiosius</strong></span> <span class='ocrx_word' id='word_1_92' title='bbox 718 1592 824 1656; x_wconf 89' lang='lat' dir='ltr'><strong>altera</strong></span> <span class='ocrx_word' id='word_1_93' title='bbox 841 1592 947 1658; x_wconf 90' lang='lat' dir='ltr'><strong>saltus</strong></span> 
     </span>
    </p>

    <p class='ocr_par' dir='ltr' id='par_1_6' title="bbox 159 1697 933 1784">
     <span class='ocr_line' id='line_1_14' title="bbox 159 1697 933 1784; baseline 0.001 -22"><span class='ocrx_word' id='word_1_94' title='bbox 159 1697 256 1784; x_wconf 90' lang='lat' dir='ltr'><strong>legit,</strong></span> <span class='ocrx_word' id='word_1_95' title='bbox 275 1697 468 1782; x_wconf 86' lang='lat' dir='ltr'><strong>nec-posuit</strong></span> <span class='ocrx_word' id='word_1_96' title='bbox 485 1697 667 1763; x_wconf 90' lang='lat' dir='ltr'><strong>studiosius</strong></span> <span class='ocrx_word' id='word_1_97' title='bbox 684 1698 789 1766; x_wconf 88' lang='lat' dir='ltr'><strong>altera</strong></span> <span class='ocrx_word' id='word_1_98' title='bbox 806 1718 933 1763; x_wconf 89' lang='lat' dir='ltr'><strong>casses.</strong></span> 
     </span>
    </p>

    <p class='ocr_par' dir='ltr' id='par_1_7' title="bbox 158 1802 1154 1998">
     <span class='ocr_line' id='line_1_15' title="bbox 159 1802 1154 1890; baseline 0.003 -21"><span class='ocrx_word' id='word_1_99' title='bbox 159 1804 221 1870; x_wconf 90' lang='lat' dir='ltr'><strong>sed</strong></span> <span class='ocrx_word' id='word_1_100' title='bbox 236 1802 394 1889; x_wconf 84' lang='lat' dir='ltr'><strong>quamvis</strong></span> <span class='ocrx_word' id='word_1_101' title='bbox 411 1803 540 1868; x_wconf 81' lang='lat' dir='ltr'><strong>formae</strong></span> <span class='ocrx_word' id='word_1_102' title='bbox 557 1824 745 1890; x_wconf 87' lang='lat' dir='ltr'><strong>numquam</strong></span> <span class='ocrx_word' id='word_1_103' title='bbox 763 1803 844 1867; x_wconf 91' lang='lat' dir='ltr'><strong>mihi</strong></span> <span class='ocrx_word' id='word_1_104' title='bbox 861 1804 954 1870; x_wconf 88' lang='lat' dir='ltr'><strong>fama</strong></span> <span class='ocrx_word' id='word_1_105' title='bbox 971 1804 1074 1890; x_wconf 88' lang='lat' dir='ltr'><strong>petita</strong></span> <span class='ocrx_word' id='word_1_106' title='bbox 1091 1815 1154 1883; x_wconf 88' lang='lat' dir='ltr'><strong>est,</strong></span> 
     </span>
     <span class='ocr_line' id='line_1_16' title="bbox 158 1909 1085 1998; baseline 0.003 -24"><span class='ocrx_word' id='word_1_107' title='bbox 158 1911 317 1998; x_wconf 89' lang='lat' dir='ltr'><strong>quamvis</strong></span> <span class='ocrx_word' id='word_1_108' title='bbox 334 1909 427 1976; x_wconf 83' lang='lat' dir='ltr'><strong>sortis</strong></span> <span class='ocrx_word' id='word_1_109' title='bbox 443 1930 551 1985; x_wconf 87' lang='lat' dir='ltr'><strong>eram,</strong></span> <span class='ocrx_word' id='word_1_110' title='bbox 572 1910 741 1976; x_wconf 82' lang='lat' dir='ltr'><strong>formosae</strong></span> <span class='ocrx_word' id='word_1_111' title='bbox 757 1932 882 1976; x_wconf 91' lang='lat' dir='ltr'><strong>nomen</strong></span> <span class='ocrx_word' id='word_1_112' title='bbox 900 1912 1085 1978; x_wconf 86' lang='lat' dir='ltr'><strong>habebam.</strong></span> 
     </span>
    </p>

    <p class='ocr_par' dir='ltr' id='par_1_8' title="bbox 158 2003 1018 2105">
     <span class='ocr_line' id='line_1_17' title="bbox 158 2003 1018 2105; baseline -0.003 -22"><span class='ocrx_word' id='word_1_113' title='bbox 158 2039 224 2083; x_wconf 90' lang='lat' dir='ltr'><strong>nec</strong></span> <span class='ocrx_word' id='word_1_114' title='bbox 241 2037 318 2080; x_wconf 87' lang='lat' dir='ltr'><strong>mea</strong></span> <span class='ocrx_word' id='word_1_115' title='bbox 335 2037 390 2081; x_wconf 93' lang='lat' dir='ltr'><strong>me</strong></span> <span class='ocrx_word' id='word_1_116' title='bbox 407 2015 512 2081; x_wconf 84' lang='lat' dir='ltr'><strong>facies</strong></span> <span class='ocrx_word' id='word_1_117' title='bbox 530 2017 671 2080; x_wconf 92' lang='lat' dir='ltr'><strong>nimium</strong></span> <span class='ocrx_word' id='word_1_118' title='bbox 689 2018 828 2082; x_wconf 89' lang='lat' dir='ltr'><strong>laudata</strong></span> <span class='ocrx_word' id='word_1_119' title='bbox 840 2017 983 2105; x_wconf 85' lang='lat' dir='ltr'><strong>jdvabat</strong></span> <span class='ocrx_word' id='word_1_120' title='bbox 995 2003 1018 2080; x_wconf 78' lang='grc' dir='ltr'><strong>ε’</strong></span> 
     </span>
    </p>

    <p class='ocr_par' dir='ltr' id='par_1_9' title="bbox 157 2123 1031 2318">
     <span class='ocr_line' id='line_1_18' title="bbox 157 2123 1031 2212; baseline 0.003 -25"><span class='ocrx_word' id='word_1_121' title='bbox 157 2146 294 2212; x_wconf 91' lang='lat' dir='ltr'><strong>quaque</strong></span> <span class='ocrx_word' id='word_1_122' title='bbox 313 2123 401 2189; x_wconf 88' lang='lat' dir='ltr'><strong>aliae</strong></span> <span class='ocrx_word' id='word_1_123' title='bbox 418 2124 570 2210; x_wconf 89' lang='lat' dir='ltr'><strong>gaudere</strong></span> <span class='ocrx_word' id='word_1_124' title='bbox 587 2124 708 2200; x_wconf 87' lang='lat' dir='ltr'><strong>solent,</strong></span> <span class='ocrx_word' id='word_1_125' title='bbox 728 2145 794 2211; x_wconf 90' lang='lat' dir='ltr'><strong>ego</strong></span> <span class='ocrx_word' id='word_1_126' title='bbox 811 2124 936 2189; x_wconf 88' lang='lat' dir='ltr'><strong>rustica</strong></span> <span class='ocrx_word' id='word_1_127' title='bbox 953 2125 1031 2190; x_wconf 87' lang='lat' dir='ltr'><strong>dote</strong></span> 
     </span>
     <span class='ocr_line' id='line_1_19' title="bbox 157 2230 976 2318; baseline -0.005 -20"><span class='ocrx_word' id='word_1_128' title='bbox 157 2231 311 2317; x_wconf 90' lang='lat' dir='ltr'><strong>corporis</strong></span> <span class='ocrx_word' id='word_1_129' title='bbox 327 2230 460 2306; x_wconf 88' lang='lat' dir='ltr'><strong>erubui,</strong></span> <span class='ocrx_word' id='word_1_130' title='bbox 480 2231 676 2318; x_wconf 89' lang='lat' dir='ltr'><strong>crimenque</strong></span> <span class='ocrx_word' id='word_1_131' title='bbox 693 2231 831 2316; x_wconf 85' lang='lat' dir='ltr'><strong>placere</strong></span> <span class='ocrx_word' id='word_1_132' title='bbox 848 2232 976 2316; x_wconf 88' lang='lat' dir='ltr'><strong>putavi.</strong></span> 
     </span>
    </p>

    <p class='ocr_par' dir='ltr' id='par_1_10' title="bbox 154 2337 1209 3821">
     <span class='ocr_line' id='line_1_20' title="bbox 204 2337 1209 2432; baseline 0 -27"><span class='ocrx_word' id='word_1_133' title='bbox 204 2339 339 2405; x_wconf 89' lang='lat' dir='ltr'><strong>‘Lassa</strong></span> <span class='ocrx_word' id='word_1_134' title='bbox 357 2337 563 2413; x_wconf 85' lang='lat' dir='ltr'><strong>revertebar,</strong></span> <span class='ocrx_word' id='word_1_135' title='bbox 584 2338 736 2413; x_wconf 91' lang='lat' dir='ltr'><strong>memini,</strong></span> <span class='ocrx_word' id='word_1_136' title='bbox 756 2337 998 2426; x_wconf 90' lang='lat' dir='ltr'><strong>Stymphalide</strong></span> <span class='ocrx_word' id='word_1_137' title='bbox 1015 2339 1122 2405; x_wconf 87' lang='lat' dir='ltr'><strong>silva:</strong></span> <span class='ocrx_word' id='word_1_138' title='bbox 1158 2361 1209 2432; x_wconf 78' lang='lat'><strong>585</strong></span> 
     </span>
     <span class='ocr_line' id='line_1_21' title="bbox 157 2446 1155 2536; baseline 0 -23"><span class='ocrx_word' id='word_1_139' title='bbox 157 2460 271 2514; x_wconf 91' lang='lat' dir='ltr'><strong>aestus</strong></span> <span class='ocrx_word' id='word_1_140' title='bbox 288 2459 373 2526; x_wconf 89' lang='lat' dir='ltr'><strong>erat,</strong></span> <span class='ocrx_word' id='word_1_141' title='bbox 393 2468 627 2536; x_wconf 88' lang='lat' dir='ltr'><strong>magnumque</strong></span> <span class='ocrx_word' id='word_1_142' title='bbox 644 2447 740 2511; x_wconf 92' lang='lat' dir='ltr'><strong>labor</strong></span> <span class='ocrx_word' id='word_1_143' title='bbox 758 2446 993 2534; x_wconf 82' lang='lat' dir='ltr'><strong>geminaverat</strong></span> <span class='ocrx_word' id='word_1_144' title='bbox 1011 2459 1155 2514; x_wconf 87' lang='lat' dir='ltr'><strong>aestum.</strong></span> 
     </span>
     <span class='ocr_line' id='line_1_22' title="bbox 155 2552 1101 2643; baseline 0.001 -24"><span class='ocrx_word' id='word_1_145' title='bbox 155 2555 294 2622; x_wconf 90' lang='lat' dir='ltr'><strong>invenio</strong></span> <span class='ocrx_word' id='word_1_146' title='bbox 311 2556 385 2622; x_wconf 91' lang='lat' dir='ltr'><strong>sine</strong></span> <span class='ocrx_word' id='word_1_147' title='bbox 400 2557 526 2622; x_wconf 85' lang='lat' dir='ltr'><strong>vertice</strong></span> <span class='ocrx_word' id='word_1_148' title='bbox 544 2575 664 2643; x_wconf 88' lang='lat' dir='ltr'><strong>aquas,</strong></span> <span class='ocrx_word' id='word_1_149' title='bbox 688 2552 761 2619; x_wconf 90' lang='lat' dir='ltr'><strong>sine</strong></span> <span class='ocrx_word' id='word_1_150' title='bbox 780 2575 951 2619; x_wconf 90' lang='lat' dir='ltr'><strong>murmure</strong></span> <span class='ocrx_word' id='word_1_151' title='bbox 969 2566 1101 2632; x_wconf 87' lang='lat' dir='ltr'><strong>euntes,</strong></span> 
     </span>
     <span class='ocr_line' id='line_1_23' title="bbox 154 2664 1094 2752; baseline 0.003 -24"><span class='ocrx_word' id='word_1_152' title='bbox 154 2664 356 2749; x_wconf 90' lang='lat' dir='ltr'><strong>perspicuas</strong></span> <span class='ocrx_word' id='word_1_153' title='bbox 373 2665 417 2730; x_wconf 88' lang='lat' dir='ltr'><strong>ad</strong></span> <span class='ocrx_word' id='word_1_154' title='bbox 434 2666 589 2740; x_wconf 89' lang='lat' dir='ltr'><strong>humum,</strong></span> <span class='ocrx_word' id='word_1_155' title='bbox 609 2686 670 2750; x_wconf 88' lang='lat' dir='ltr'><strong>per</strong></span> <span class='ocrx_word' id='word_1_156' title='bbox 685 2685 772 2752; x_wconf 90' lang='lat' dir='ltr'><strong>quas</strong></span> <span class='ocrx_word' id='word_1_157' title='bbox 789 2664 1011 2731; x_wconf 90' lang='lat' dir='ltr'><strong>numerabilis</strong></span> <span class='ocrx_word' id='word_1_158' title='bbox 1027 2666 1094 2731; x_wconf 92' lang='lat' dir='ltr'><strong>alte</strong></span> 
     </span>
     <span class='ocr_line' id='line_1_24' title="bbox 155 2771 995 2858; baseline -0.001 -22"><span class='ocrx_word' id='word_1_159' title='bbox 155 2771 309 2836; x_wconf 89' lang='lat' dir='ltr'><strong>calculus</strong></span> <span class='ocrx_word' id='word_1_160' title='bbox 325 2772 436 2837; x_wconf 92' lang='lat' dir='ltr'><strong>omnis</strong></span> <span class='ocrx_word' id='word_1_161' title='bbox 449 2782 533 2847; x_wconf 88' lang='lat' dir='ltr'><strong>erat,</strong></span> <span class='ocrx_word' id='word_1_162' title='bbox 551 2791 637 2858; x_wconf 91' lang='lat' dir='ltr'><strong>quas</strong></span> <span class='ocrx_word' id='word_1_163' title='bbox 654 2783 690 2836; x_wconf 89' lang='lat' dir='ltr'><strong>tu</strong></span> <span class='ocrx_word' id='word_1_164' title='bbox 705 2771 764 2836; x_wconf 85' lang='lat' dir='ltr'><strong>vix</strong></span> <span class='ocrx_word' id='word_1_165' title='bbox 780 2771 829 2837; x_wconf 88' lang='lat' dir='ltr'><strong>ire</strong></span> <span class='ocrx_word' id='word_1_166' title='bbox 845 2784 995 2856; x_wconf 89' lang='lat' dir='ltr'><strong>putares.</strong></span> 
     </span>
     <span class='ocr_line' id='line_1_25' title="bbox 155 2879 1208 2968; baseline 0.003 -27"><span class='ocrx_word' id='word_1_167' title='bbox 155 2898 243 2942; x_wconf 90' lang='lat' dir='ltr'><strong>cana</strong></span> <span class='ocrx_word' id='word_1_168' title='bbox 260 2879 379 2943; x_wconf 91' lang='lat' dir='ltr'><strong>salicta</strong></span> <span class='ocrx_word' id='word_1_169' title='bbox 395 2879 522 2944; x_wconf 92' lang='lat' dir='ltr'><strong>dabant</strong></span> <span class='ocrx_word' id='word_1_170' title='bbox 537 2879 729 2965; x_wconf 87' lang='lat' dir='ltr'><strong>nutritaque</strong></span> <span class='ocrx_word' id='word_1_171' title='bbox 746 2879 892 2966; x_wconf 90' lang='lat' dir='ltr'><strong>populus</strong></span> <span class='ocrx_word' id='word_1_172' title='bbox 910 2879 1003 2944; x_wconf 88' lang='lat' dir='ltr'><strong>unda</strong></span> <span class='ocrx_word' id='word_1_173' title='bbox 1156 2911 1208 2968; x_wconf 85' lang='lat'><strong>590</strong></span> 
     </span>
     <span class='ocr_line' id='line_1_26' title="bbox 155 2986 940 3072; baseline 0 -22"><span class='ocrx_word' id='word_1_174' title='bbox 155 2995 276 3069; x_wconf 88' lang='lat' dir='ltr'><strong>sponte</strong></span> <span class='ocrx_word' id='word_1_175' title='bbox 293 3007 356 3050; x_wconf 89' lang='lat' dir='ltr'><strong>sua</strong></span> <span class='ocrx_word' id='word_1_176' title='bbox 371 2997 470 3064; x_wconf 85' lang='lat' dir='ltr'><strong>natas</strong></span> <span class='ocrx_word' id='word_1_177' title='bbox 488 2986 570 3072; x_wconf 92' lang='lat' dir='ltr'><strong>ripis</strong></span> <span class='ocrx_word' id='word_1_178' title='bbox 587 2986 776 3052; x_wconf 89' lang='lat' dir='ltr'><strong>declivibus</strong></span> <span class='ocrx_word' id='word_1_179' title='bbox 792 2987 940 3051; x_wconf 89' lang='lat' dir='ltr'><strong>umbras.</strong></span> 
     </span>
     <span class='ocr_line' id='line_1_27' title="bbox 154 3075 925 3181; baseline 0.003 -26"><span class='ocrx_word' id='word_1_180' title='bbox 154 3092 300 3169; x_wconf 90' lang='lat' dir='ltr'><strong>accessi,</strong></span> <span class='ocrx_word' id='word_1_181' title='bbox 318 3075 534 3181; x_wconf 88' lang='lat' dir='ltr'><strong>primumque</strong></span> <span class='ocrx_word' id='word_1_182' title='bbox 551 3093 649 3180; x_wconf 91' lang='lat' dir='ltr'><strong>pedis</strong></span> <span class='ocrx_word' id='word_1_183' title='bbox 664 3092 809 3181; x_wconf 91' lang='lat' dir='ltr'><strong>vestigia</strong></span> <span class='ocrx_word' id='word_1_184' title='bbox 827 3092 925 3169; x_wconf 88' lang='lat' dir='ltr'><strong>tinxi,</strong></span> 
     </span>
     <span class='ocr_line' id='line_1_28' title="bbox 154 3199 1136 3290; baseline 0.004 -28"><span class='ocrx_word' id='word_1_185' title='bbox 154 3199 283 3284; x_wconf 91' lang='lat' dir='ltr'><strong>poplite</strong></span> <span class='ocrx_word' id='word_1_186' title='bbox 300 3200 422 3266; x_wconf 90' lang='lat' dir='ltr'><strong>deinde</strong></span> <span class='ocrx_word' id='word_1_187' title='bbox 440 3212 559 3277; x_wconf 81' lang='lat' dir='ltr'><strong>tenus3</strong></span> <span class='ocrx_word' id='word_1_188' title='bbox 583 3224 695 3290; x_wconf 90' lang='lat' dir='ltr'><strong>neque</strong></span> <span class='ocrx_word' id='word_1_189' title='bbox 717 3221 758 3266; x_wconf 92' lang='lat' dir='ltr'><strong>eo</strong></span> <span class='ocrx_word' id='word_1_190' title='bbox 775 3211 946 3277; x_wconf 90' lang='lat' dir='ltr'><strong>contenta,</strong></span> <span class='ocrx_word' id='word_1_191' title='bbox 964 3201 1136 3290; x_wconf 87' lang='lat' dir='ltr'><strong>recingor,</strong></span> 
     </span>
     <span class='ocr_line' id='line_1_29' title="bbox 154 3308 958 3396; baseline 0.005 -27"><span class='ocrx_word' id='word_1_192' title='bbox 154 3308 340 3395; x_wconf 87' lang='lat' dir='ltr'><strong>molliaque</strong></span> <span class='ocrx_word' id='word_1_193' title='bbox 356 3310 496 3396; x_wconf 92' lang='lat' dir='ltr'><strong>impono</strong></span> <span class='ocrx_word' id='word_1_194' title='bbox 514 3309 609 3376; x_wconf 89' lang='lat' dir='ltr'><strong>salici</strong></span> <span class='ocrx_word' id='word_1_195' title='bbox 627 3309 799 3375; x_wconf 84' lang='lat' dir='ltr'><strong>velamina</strong></span> <span class='ocrx_word' id='word_1_196' title='bbox 819 3330 958 3386; x_wconf 87' lang='lat' dir='ltr'><strong>curvae,</strong></span> 
     </span>
     <span class='ocr_line' id='line_1_30' title="bbox 154 3414 1167 3504; baseline 0.003 -27"><span class='ocrx_word' id='word_1_197' title='bbox 154 3414 316 3501; x_wconf 89' lang='lat' dir='ltr'><strong>nudaque</strong></span> <span class='ocrx_word' id='word_1_198' title='bbox 333 3437 472 3503; x_wconf 90' lang='lat' dir='ltr'><strong>mergor</strong></span> <span class='ocrx_word' id='word_1_199' title='bbox 488 3416 605 3503; x_wconf 83' lang='lat' dir='ltr'><strong>aquis3</strong></span> <span class='ocrx_word' id='word_1_200' title='bbox 631 3437 717 3503; x_wconf 91' lang='lat' dir='ltr'><strong>quas</strong></span> <span class='ocrx_word' id='word_1_201' title='bbox 733 3416 814 3481; x_wconf 93' lang='lat' dir='ltr'><strong>dum</strong></span> <span class='ocrx_word' id='word_1_202' title='bbox 834 3415 985 3502; x_wconf 87' lang='lat' dir='ltr'><strong>ferioque</strong></span> <span class='ocrx_word' id='word_1_203' title='bbox 1001 3416 1167 3504; x_wconf 89' lang='lat' dir='ltr'><strong>trahoque</strong></span> 
     </span>
     <span class='ocr_line' id='line_1_31' title="bbox 156 3520 1054 3610; baseline 0.002 -26"><span class='ocrx_word' id='word_1_204' title='bbox 156 3520 249 3585; x_wconf 87' lang='lat' dir='ltr'><strong>mille</strong></span> <span class='ocrx_word' id='word_1_205' title='bbox 266 3522 375 3588; x_wconf 92' lang='lat' dir='ltr'><strong>modis</strong></span> <span class='ocrx_word' id='word_1_206' title='bbox 391 3523 524 3598; x_wconf 85' lang='lat' dir='ltr'><strong>labens,</strong></span> <span class='ocrx_word' id='word_1_207' title='bbox 543 3543 757 3608; x_wconf 89' lang='lat' dir='ltr'><strong>excussaque</strong></span> <span class='ocrx_word' id='word_1_208' title='bbox 773 3522 935 3586; x_wconf 88' lang='lat' dir='ltr'><strong>bracchia</strong></span> <span class='ocrx_word' id='word_1_209' title='bbox 948 3521 1054 3610; x_wconf 90' lang='lat' dir='ltr'><strong>jact0,</strong></span> 
     </span>
     <span class='ocr_line' id='line_1_32' title="bbox 154 3627 1034 3715; baseline 0.001 -25"><span class='ocrx_word' id='word_1_210' title='bbox 154 3627 379 3715; x_wconf 92' lang='lat' dir='ltr'><strong>nescioquod</strong></span> <span class='ocrx_word' id='word_1_211' title='bbox 397 3629 509 3694; x_wconf 87' lang='lat' dir='ltr'><strong>medio</strong></span> <span class='ocrx_word' id='word_1_212' title='bbox 526 3628 616 3694; x_wconf 89' lang='lat' dir='ltr'><strong>sensi</strong></span> <span class='ocrx_word' id='word_1_213' title='bbox 635 3627 697 3692; x_wconf 91' lang='lat' dir='ltr'><strong>sub</strong></span> <span class='ocrx_word' id='word_1_214' title='bbox 714 3628 851 3715; x_wconf 89' lang='lat' dir='ltr'><strong>gurgite</strong></span> <span class='ocrx_word' id='word_1_215' title='bbox 869 3648 1034 3702; x_wconf 93' lang='lat' dir='ltr'><strong>murmur,</strong></span> 
     </span>
     <span class='ocr_line' id='line_1_33' title="bbox 154 3732 954 3821; baseline 0 -25"><span class='ocrx_word' id='word_1_216' title='bbox 154 3733 337 3821; x_wconf 87' lang='lat' dir='ltr'><strong>territaque</strong></span> <span class='ocrx_word' id='word_1_217' title='bbox 354 3734 472 3800; x_wconf 90' lang='lat' dir='ltr'><strong>insisto</strong></span> <span class='ocrx_word' id='word_1_218' title='bbox 490 3733 655 3820; x_wconf 91' lang='lat' dir='ltr'><strong>propioris</strong></span> <span class='ocrx_word' id='word_1_219' title='bbox 673 3733 830 3821; x_wconf 90' lang='lat' dir='ltr'><strong>margine</strong></span> <span class='ocrx_word' id='word_1_220' title='bbox 847 3732 954 3818; x_wconf 88' lang='lat' dir='ltr'><strong>ripae.</strong></span> 
     </span>
    </p>

    <p class='ocr_par' dir='ltr' id='par_1_11' title="bbox 154 3836 1204 4035">
     <span class='ocr_line' id='line_1_34' title="bbox 154 3836 1112 3927; baseline 0.001 -24"><span class='ocrx_word' id='word_1_221' title='bbox 154 3838 237 3924; x_wconf 63' lang='lat' dir='ltr'><strong>‚Quo</strong></span> <span class='ocrx_word' id='word_1_222' title='bbox 247 3846 437 3927; x_wconf 80' lang='lat' dir='ltr'><strong>properas,</strong></span> <span class='ocrx_word' id='word_1_223' title='bbox 455 3837 662 3906; x_wconf 79' lang='lat' dir='ltr'><strong>Arethusa?</strong></span> <span class='ocrx_word' id='word_1_224' title='bbox 677 3839 748 3904; x_wconf 90' lang='lat' dir='ltr'><strong>suis</strong></span> <span class='ocrx_word' id='word_1_225' title='bbox 764 3836 921 3924; x_wconf 90' lang='lat' dir='ltr'><strong>Alpheus</strong></span> <span class='ocrx_word' id='word_1_226' title='bbox 938 3838 981 3903; x_wconf 88' lang='lat' dir='ltr'><strong>ab</strong></span> <span class='ocrx_word' id='word_1_227' title='bbox 998 3838 1112 3915; x_wconf 90' lang='lat' dir='ltr'><strong>undis,</strong></span> 
     </span>
     <span class='ocr_line' id='line_1_35' title="bbox 154 3944 1204 4035; baseline 0.006 -25"><span class='ocrx_word' id='word_1_228' title='bbox 154 3945 236 4032; x_wconf 59' lang='lat' dir='ltr'><strong>,Quo</strong></span> <span class='ocrx_word' id='word_1_229' title='bbox 246 3944 452 4035; x_wconf 75' lang='lat' dir='ltr'><strong>properas?</strong></span> <span class='ocrx_word' id='word_1_230' title='bbox 466 3946 587 4013; x_wconf 90' lang='lat' dir='ltr'><strong>iterum</strong></span> <span class='ocrx_word' id='word_1_231' title='bbox 605 3966 709 4012; x_wconf 90' lang='lat' dir='ltr'><strong>rauco</strong></span> <span class='ocrx_word' id='word_1_232' title='bbox 727 3945 809 4011; x_wconf 90' lang='lat' dir='ltr'><strong>mihi</strong></span> <span class='ocrx_word' id='word_1_233' title='bbox 826 3945 960 4012; x_wconf 89' lang='lat' dir='ltr'><strong>dixerat</strong></span> <span class='ocrx_word' id='word_1_234' title='bbox 975 3967 1046 4012; x_wconf 83' lang='lat' dir='ltr'><strong>ore.</strong></span> <span class='ocrx_word' id='word_1_235' title='bbox 1094 4011 1098 4022; x_wconf 75' lang='grc'>,</span> <span class='ocrx_word' id='word_1_236' title='bbox 1150 3961 1204 4016; x_wconf 87' lang='lat'><strong>600</strong></span> 
     </span>
    </p>
   </div>
   <div class='ocr_carea' id='block_1_3' title="bbox 0 0 1380 4350">
    <p class='ocr_par' dir='ltr' id='par_1_12' title="bbox 0 0 1380 4350">
     <span class='ocr_line' id='line_1_36' title="bbox 0 0 1380 4350; baseline 0 3"><span class='ocrx_word' id='word_1_237' title='bbox 0 0 1380 4350; x_wconf 95' lang='lat' dir='ltr'><strong> </strong></span> 
     </span>
    </p>
   </div>
  </div>
 </body>
</html>
