2790 4356
190 259 248 315 111.
270 272 311 328 ις,
329 259 383 332 14]
496 237 679 310 Forewcll
698 251 732 309 to
755 240 812 307 the
834 238 960 306 Loves.

187 440 264 509 Nec
280 451 395 504 tamen
413 438 541 527 ignavo
557 449 759 525 stupuerunt
774 437 879 502 verba
896 435 1033 520 palatos

233 545 406 616 Clamavit
424 546 572 612 moriens
589 547 709 632 lingua
730 543 899 618 Corinna,
917 539 1019 606 vale!
1047 607 1049 612 ,

189 655 286 724 Colle
303 655 366 722 sub
382 652 502 740 Elysio
520 652 619 740 nigra
636 639 758 716 nemus
774 649 851 715 ilice
868 649 1015 725 frondet,

198 820 202 827 .
233 763 381 851 Udaque
397 771 563 847 perpetuo
581 759 738 847 gramine
756 770 846 824 terra
863 759 959 825 viret.

189 869 297 957 Siqua
312 869 398 936 fides
415 868 541 943 dubiis,
559 867 738 932 volucrum
755 867 852 932 locus
868 867 926 932 ille
943 867 1077 953 piarum

233 976 379 1054 Dicitur,
397 977 568 1042 obscenae
585 995 654 1061 quo
670 974 895 1060 prohibentur
910 995 1014 1040 aves:

189 1085 265 1150 Illic
281 1085 417 1151 innocui
434 1085 502 1150 late
519 1094 708 1170 pascuntur
723 1083 848 1159 olores,

235 1191 278 1257 Et
292 1191 396 1258 vivax
412 1191 575 1278 phoenix,
594 1190 698 1256 unica
716 1213 852 1277 semper
869 1189 964 1267 avis3

189 1297 351 1385 Explicat
366 1299 441 1385 ipsa
458 1320 538 1364 suas
556 1299 629 1364 ales
641 1298 792 1384 Junonia
809 1299 946 1384 pinnas,

235 1405 362 1472 Oscula
378 1406 437 1471 dat
453 1405 579 1492 cupido
596 1405 725 1471 blanda
742 1405 902 1471 columba
920 1405 1016 1470 mari.

188 1511 357 1580 Psittacus
373 1513 437 1579 has
453 1512 541 1578 inter
555 1513 723 1578 nemorali
741 1512 823 1578 sede
839 1524 997 1598 receptus

233 1617 409 1686 Convertit
424 1620 583 1684 volucres
600 1619 634 1683 in
653 1640 716 1684 sua
733 1619 839 1684 verba
855 1618 944 1705 pias.

189 1725 278 1793 Ossa
294 1725 378 1814 tegit
393 1727 558 1803 tumulus,
577 1727 728 1791 tumulus
746 1747 809 1812 pro
825 1746 969 1812 corpore
985 1748 1149 1815 magnus,

234 1830 315 1918 Qu
332 1831 420 1918 lapis
437 1833 585 1920 exiguus
602 1855 664 1918 par
681 1832 747 1898 sibi
762 1853 905 1899 carmen
922 1833 1047 1899 habet:
1206 1850 1242 1904 60

195 1937 352 2026 Colligor
368 1961 410 2002 ex
426 1941 500 2026 ipso
517 1940 678 2004 domairac
686 1941 863 2027 placuisse
878 1941 1081 2027 sepulchro:

238 2043 312 2112 Ora
315 2047 429 2134 suere
445 2045 535 2111 mr'lai
540 2045 627 2135 plus
643 2067 708 2110 ave
723 2047 824 2111 docta
840 2047 949 2133 loqui.

239 2441 243 2448 ,
300 2450 302 2454 .
360 2385 394 2454 3.
418 2367 603 2435 Farewell
621 2377 656 2435 to
679 2367 737 2436 the
759 2367 874 2436 Loves
901 2367 968 2458 (iii.
989 2367 1065 2456 15).

271 2580 441 2648 UAERE
451 2604 579 2648 novum
589 2592 920 2659 vatem,tenerorum
931 2592 1039 2648 mater
1048 2579 1218 2647 Amorum
1230 2579 1241 2647 l

316 2688 464 2755 Raditur
480 2689 537 2754 hic
553 2689 662 2777 elegis
678 2689 798 2754 ultima
815 2701 906 2756 meta
922 2690 1029 2754 meis:

190 2792 288 2878 Qus
304 2816 371 2884 ego
387 2795 578 2882 composui,
597 2794 734 2883 Peligni
751 2796 838 2862 ruris
855 2797 1033 2873 alumnus3

233 2900 310 2967 Nec
326 2923 382 2967 me
398 2902 543 2968 deliciae
560 2903 754 2968 dedecuere
771 2923 881 2968 meae.

189 3006 311 3095 Siquid
327 3009 362 3073 id
378 3019 441 3085 est,
459 3031 568 3095 usque
586 3030 606 3074 a
623 3009 761 3095 proavis
776 3020 872 3074 vetus
889 3008 1019 3075 ordinis
1035 3009 1149 3087 hereS,
1224 3041 1239 3099 ς

232 3113 315 3180 Non
331 3116 432 3182 modo
450 3115 589 3182 militiae
606 3115 742 3180 turbine
759 3114 869 3180 factus
886 3136 1001 3202 eques.

188 3220 334 3287 Mantua
349 3222 507 3311 Vergilio
524 3222 673 3310 gaudet3
697 3221 839 3288 Verona
855 3220 1013 3288 Catullo:

233 3326 399 3417 Pelignae
416 3330 512 3395 dicar
527 3331 638 3419 gloria
655 3330 767 3418 gentis
784 3350 864 3417 ego,

190 3433 306 3519 Qram
323 3457 386 3501 sua
402 3437 542 3504 libertas
561 3441 605 3506 ad
621 3440 766 3505 honesta
782 3443 944 3525 coegerat
960 3456 1069 3512 arma,

233 3539 321 3607 Cum
339 3543 449 3610 timuit
465 3547 575 3614 socias
592 3547 697 3612 anxia
713 3546 828 3612 Roma
846 3564 981 3608 manus.
1209 3573 1241 3612 ro

187 3645 302 3735 Atque
319 3650 441 3740 aliquis
459 3665 618 3740 spectans
635 3655 761 3740 hospes
778 3650 953 3718 Sulmonis
970 3648 1089 3736 aquosi

233 3755 389 3835 Moenia,
406 3781 496 3848 quae
513 3760 626 3847 campi
639 3760 763 3849 jugera
780 3781 891 3846 pauca
907 3769 1035 3833 tenent,

191 3861 316 3947 ‘Quae
332 3865 483 3932 tantum’
500 3866 591 3932 dicet
608 3866 785 3953 ‘potuistis
802 3867 890 3934 serre
907 3878 1057 3954 poetam,

235 3972 563 4061 Quantulacumque
580 3971 673 4050 estis,
692 3995 753 4040 vos
771 3995 837 4062 ego
855 3995 983 4064 magna
1000 3974 1111 4042 v0c0.’
