2752 4350
167 271 223 324 111.
239 269 294 340 88.]
456 245 568 340 Fi'ght
591 254 674 318 wz'tlz
698 254 755 318 the
773 253 944 340 Dragon.
1174 271 1193 336 3
1197 266 1216 338 5
1231 309 1233 312 .

164 459 203 514 ut
218 470 339 514 nemus
356 448 504 525 intravit,
523 450 694 537 letataque
710 472 854 536 corpora
871 450 968 525 vidit,
1185 478 1217 535 55

164 557 396 642 victoremque
413 577 517 641 supra
534 557 672 642 spatiosi
691 557 842 642 corporis
860 558 992 620 hostem

165 662 272 728 tristia
289 663 480 750 sanguinea
497 663 705 728 lambentem
721 664 865 728 vulnera
881 663 1014 750 lingua,

167 768 261 835 ‘Aut
277 772 364 835 ultor
379 782 526 844 vestrae,
545 770 711 834 fidissima
729 791 884 856 corpora,
904 770 1035 846 mortis,

166 888 225 941 aut
242 877 374 944 comes’
393 877 502 964 inquit
520 877 625 941 ‘ero.’
660 875 768 955 Dixit,
786 877 976 963 dextraque
993 876 1160 940 molarem

165 985 311 1060 sustulit,
331 996 363 1050 et
380 1005 544 1072 magnum
563 1004 691 1070 magno
708 983 889 1048 conamine
907 982 1007 1047 misit.
1181 997 1230 1052 60·

112 1160 119 1174 ¹
164 1091 257 1156 illius
273 1091 422 1178 impulsu
440 1113 518 1156 cum
534 1091 682 1155 turribus
700 1089 808 1154 ardua
825 1089 926 1154 celsis
974 1085 976 1091 ’

165 1199 303 1263 moenia
320 1211 410 1263 mota
427 1198 556 1263 forent:
582 1217 723 1281 serpens
741 1195 814 1260 sine
831 1196 973 1260 vulnere
990 1194 1126 1275 mansit,

164 1304 360 1392 loricaeque
378 1305 479 1370 modo
495 1304 646 1390 squamis
663 1303 838 1378 defensus,
857 1314 891 1368 et
907 1313 1001 1367 atrae

166 1411 290 1476 duritia
307 1412 420 1497 pellis,
439 1411 570 1475 validos
588 1421 664 1476 cute
681 1409 829 1495 reppulit
845 1408 944 1474 ictus.
1001 1409 1004 1416 ’

211 1516 258 1582 At
275 1540 342 1582 non
360 1517 481 1583 duritia
494 1518 648 1605 jaculum
664 1537 801 1604 quoque
817 1516 899 1580 vicit
915 1514 1051 1593 eadem,

166 1626 257 1710 quod
275 1618 386 1690 medio
403 1626 514 1708 lentae
531 1623 650 1709 spinae
668 1623 867 1688 curvamine
884 1623 993 1688 fixum

165 1732 324 1806 constitit,
344 1742 376 1796 et
391 1742 497 1796 totum
514 1731 691 1796 descendit
707 1731 742 1795 in
758 1730 816 1795 ilia
833 1729 975 1795 serrum.

164 1836 235 1913 ille,
254 1838 371 1904 dolore
387 1838 496 1914 serox,
516 1849 620 1923 caput
635 1838 670 1902 in
688 1859 750 1902 sua
766 1848 865 1925 terga
881 1836 1026 1913 retorsit,

164 1946 375 2031 vulneraque
393 1945 537 2030 aspexit,
556 1946 731 2031 fixumque
749 1945 870 2010 hastile
889 1943 1086 2020 momordit,

163 2051 267 2138 idque
282 2053 340 2116 ubi
357 2053 389 2117 vi
407 2053 512 2116 multa
530 2064 661 2137 partem
677 2052 836 2118 labefecit
851 2053 886 2116 in
902 2073 1056 2126 omnem,

162 2159 223 2222 vix
239 2170 337 2246 tergo
353 2159 495 2244 eripuit3
520 2159 647 2223 ferrum
663 2169 778 2223 tamen
795 2158 928 2223 ossibus
945 2157 1067 2224 haesit.

162 2275 236 2330 tum
252 2287 334 2331 vero
350 2278 529 2352 postquam
546 2266 663 2331 solitas
681 2264 826 2330 accessit
842 2266 885 2331 ad
902 2265 971 2330 iras

164 2393 269 2438 causa
286 2394 418 2447 recens,
437 2372 547 2457 plenis
563 2383 759 2438 tumuerunt
776 2383 912 2459 guttura
929 2371 1040 2449 venis,

163 2500 355 2566 spumaque
371 2478 547 2564 pestiferos
565 2479 768 2544 circumfluit
785 2479 899 2543 albida
916 2479 1033 2558 rictus,

162 2596 322 2672 terraque
338 2607 416 2650 rasa
433 2597 531 2652 sonat
546 2584 713 2673 squamis,
731 2585 858 2673 quique
875 2587 1001 2654 halitus
1018 2587 1089 2653 exit
1143 2589 1145 2594 ’

163 2714 223 2758 ore
240 2693 338 2780 niger
354 2691 490 2779 Stygio,
509 2692 643 2757 vitiatas
659 2691 766 2757 inficit
782 2713 895 2760 auras.
1070 2767 1073 2773 Δ

163 2799 238 2887 ipse
256 2798 357 2865 modo
373 2799 577 2864 immensum
595 2798 695 2883 spiris
712 2798 914 2868 facientibus
930 2802 1048 2868 orbem
1105 2877 1106 2880 Ἴ
1216 2871 1220 2878 ,

164 2906 324 2994 cingitur,
343 2905 512 2970 interdum
529 2906 634 2992 longa
650 2906 746 2971 trabe
762 2908 885 2973 rectior
901 2920 1032 2984 exstat3

162 3013 290 3098 impete
306 3033 398 3077 nunc
414 3024 508 3076 vasto
526 3033 589 3076 ceu
606 3013 759 3078 concitus
776 3014 940 3080 imbribus
957 3014 1068 3080 amnis

163 3119 282 3193 fertur,
301 3129 334 3184 et
349 3120 520 3184 obstantes
537 3120 713 3203 proturbat
728 3133 866 3207 pectore
883 3123 998 3188 silvas.

209 3223 310 3291 Cedit
325 3223 543 3312 Agenorides
559 3227 714 3311 paulum,
733 3229 911 3316 spolioque
927 3228 1035 3296 leonis

163 3332 306 3399 sustinet
321 3332 490 3408 incursuS,
509 3332 737 3421 instantiaque
754 3357 813 3400 ora
831 3338 979 3401 retardat

163 3439 304 3525 cuspide
321 3450 517 3524 praetenta:
542 3440 622 3506 furit
637 3442 709 3517 ille,
727 3451 761 3506 et
775 3441 892 3506 inania
909 3443 995 3507 duro

160 3548 306 3611 vulnera
322 3545 381 3611 dat
396 3546 499 3622 serr0,
517 3547 658 3634 figitque
674 3547 710 3612 in
727 3547 886 3612 acumine
903 3549 1041 3622 dentes3

158 3654 300 3743 jamque
315 3653 514 3720 venenifero
532 3654 674 3742 sanguis
691 3674 832 3718 manare
848 3655 963 3738 palato
977 3707 980 3714 r

161 3770 335 3844 coeperat,
354 3771 386 3824 et
401 3760 527 3826 virides
544 3759 728 3847 aspergine
744 3759 891 3824 tinxerat
907 3759 1052 3824 herbas:

160 3867 223 3934 sed
239 3866 315 3932 leve
331 3867 455 3932 vulnus
472 3876 556 3942 erat,
570 3866 651 3952 quia
668 3887 710 3956 se
721 3866 916 3930 retrahebat
932 3866 974 3930 ab
991 3865 1072 3941 ictu,

160 3973 323 4064 laesaque
340 3974 429 4042 colla
446 3974 550 4042 dabat
565 3985 667 4050 retro,
685 3973 896 4060 plagamque
912 3971 1032 4038 sedere
