2752 4350
183 188 234 268 ,28
381 207 420 254 11.
460 186 532 255 Tae
554 186 760 257 Adventare
782 185 831 270 of
843 184 1037 252 Phaethon.
1098 201 1243 274 [Mrrxn.

189 385 332 461 intonat,
351 396 384 451 et
400 384 520 451 dextra
536 385 695 450 libratum
713 384 841 449 fulmen
858 383 902 448 ab
919 402 1001 447 aure

150 566 156 569 ,
171 553 175 558 ,
189 491 281 557 misit
296 491 331 556 in
347 491 518 579 aurigam,
537 491 731 577 pariterque
748 491 931 584 animaque
948 487 1099 576 rotisque

189 598 333 683 expulit,
351 608 385 663 et
399 597 510 662 saevis
525 596 736 681 compescuit
753 595 890 683 ignibus
907 594 1021 681 ignes.

189 713 449 769 consternantur
465 702 555 790 equi,
574 713 608 768 et
623 703 711 768 saltu
727 701 764 766 in
780 701 950 767 contraria
969 700 1060 768 facto

189 811 278 875 colla
290 809 376 896 jugo
392 808 551 894 eripiunt,
571 809 782 894 abruptaque
797 808 871 872 lora
889 808 1097 898 relinquunt.
1188 841 1241 897 315

188 916 258 981 illic
274 915 372 980 frena
383 915 513 1003 J'acent,
531 915 601 980 illic
616 926 752 981 temone
769 915 926 980 revulsus

189 1022 277 1098 axis,
295 1021 331 1086 in
349 1022 415 1086 hac
429 1021 517 1087 radii
533 1021 718 1087 fractarum
735 1029 831 1106 parte
848 1032 1012 1099 rotarum.

188 1148 376 1215 sparsaque
394 1138 472 1193 sunt
487 1128 554 1193 late
572 1126 677 1193 laceri
694 1124 839 1218 vestigia
854 1148 989 1216 currus.

232 1233 280 1300 At
295 1233 488 1311 Phaethon,
507 1233 624 1299 rutilos
641 1232 781 1298 flamma
798 1235 984 1321 populante
1001 1235 1158 1322 capi110S,

186 1341 333 1406 volvitur
348 1341 383 1405 in
399 1361 580 1428 praeceps,
597 1340 771 1427 longoque
788 1362 850 1427 per
866 1346 946 1407 aera
963 1352 1071 1408 tractu
1186 1374 1241 1430 320

187 1447 304 1524 fertur,
323 1458 360 1513 ut
375 1447 545 1512 interdum
562 1447 606 1511 de
622 1447 720 1512 caelo
737 1447 834 1514 stella
851 1468 974 1514 sereno

187 1553 249 1618 etsi
266 1574 334 1618 non
350 1552 485 1628 cecidit,
503 1552 612 1640 potuit
627 1552 792 1619 cecidisse
809 1553 930 1619 videri.

186 1681 289 1749 quem
306 1659 424 1746 procul
440 1679 461 1724 a
478 1657 588 1745 patria
605 1659 739 1727 diverso
756 1660 928 1726 maximus
944 1656 1027 1728 orbe

186 1766 314 1852 excipit
329 1765 515 1842 Eridanus,
533 1764 766 1854 fumantiaque
784 1766 890 1833 abluit
906 1788 976 1832 ora.

185 1871 318 1938 Naides
337 1871 528 1959 Hesperiae
544 1871 656 1939 trifida
672 1873 839 1938 fumantia
855 1873 994 1940 flamma
1183 1906 1235 1964 325

185 2000 330 2066 corpora
346 1980 429 2045 dant
444 1980 587 2055 tumulo,
606 1979 744 2068 signant
759 2001 895 2067 quoque
912 1980 1064 2048 carmine
1081 2002 1226 2048 saxum:

185 2105 247 2151 mc
264 2105 366 2152 smvs
384 2105 453 2152 usr
470 2104 673 2152 eunuruou
690 2105 837 2152 cvaavs
853 2104 997 2152 nvmcn
1013 2106 1176 2154 aureum

185 2214 291 2278 curam
307 2214 339 2260 s1
356 2214 432 2261 Nou
449 2213 590 2259 ruuvm
606 2211 745 2258 unctus
762 2211 896 2258 TAMEN
912 2213 1064 2260 uxmmr
1080 2213 1196 2260 nvsrs.

230 2301 323 2367 Nam
340 2314 438 2390 pater
453 2302 631 2376 obductos,
650 2300 743 2366 luctu
759 2300 964 2365 miserabilis
981 2321 1100 2388 aegro,

185 2409 385 2474 condiderat
401 2408 534 2483 vultus;
558 2417 593 2472 et
608 2406 637 2472 si
653 2406 756 2472 modo
772 2405 957 2482 credimus,
975 2427 1082 2472 unum
1184 2439 1238 2494 330

184 2517 252 2582 isse
269 2517 359 2583 diem
378 2515 453 2581 sine
468 2514 541 2580 sole
557 2513 690 2588 ferunt3
714 2511 875 2578 incendia
892 2513 1012 2578 lumen

184 2625 407 2713 praebebant,
427 2621 620 2709 aliquisque
637 2620 728 2685 malo
744 2619 806 2712 fuit
820 2641 903 2685 usus
920 2618 955 2685 in
972 2619 1043 2686 illo.

229 2732 277 2798 At
293 2731 477 2819 Clymene,
494 2740 675 2816 postquam
692 2726 777 2792 dixit
792 2747 1029 2814 quaecumque
1045 2726 1183 2793 suerunt

183 2839 219 2906 in
235 2840 337 2907 tantis
353 2838 500 2906 dicenda
517 2835 629 2912 malis,
647 2832 804 2922 lugubris
820 2843 853 2898 et
869 2853 987 2900 amens

184 2961 218 3014 et
232 2948 361 3014 laniata
377 2948 471 3015 sinus
487 2956 594 3012 totum
611 2939 806 3029 percensuit
821 2939 960 3006 orbem:
1183 2971 1235 3028 335

184 3056 431 3142 exanimesque
448 3065 540 3120 artus
556 3051 681 3138 primo,
699 3070 782 3114 mox
797 3067 876 3114 ossa
892 3046 1081 3133 requirens,

183 3163 333 3248 repperit
349 3183 427 3227 ossa
443 3172 559 3226 tamen
577 3154 760 3246 peregrina
778 3153 914 3220 condita
930 3153 1018 3241 ripa,

183 3265 403 3352 incubuitque
420 3265 517 3339 loco;
542 3282 736 3348 nomenque
752 3259 787 3323 in
805 3279 975 3323 marmore
992 3258 1117 3324 lectum

183 3372 331 3460 perfudit
347 3371 497 3438 lacrimis
514 3379 547 3436 et
563 3379 681 3456 aperto
697 3378 834 3455 pectore
852 3363 947 3432 fovit.

227 3478 305 3544 Nec
320 3479 434 3544 minus
452 3476 617 3543 Heliades
633 3476 732 3542 fletus
748 3471 960 3540 et-inania
978 3470 1076 3539 morti
1181 3502 1234 3557 340

183 3585 472 3651 munera—dant
487 3582 660 3656 lacrimas,
680 3592 714 3646 et
730 3601 853 3646 caesae
870 3590 1008 3666 pectora
1025 3577 1150 3666 palmis

183 3715 251 3757 non
270 3692 462 3756 auditurum
480 3689 622 3754 miseras
638 3687 853 3752 Phaethonta
869 3686 1041 3772 querellas

182 3810 282 3863 nocte
299 3798 422 3884 dieque
437 3806 574 3870 vocant,
594 3795 900 3879 adsternunturque
917 3793 1088 3879 sepulcro.

183 3905 266 3972 luna
280 3914 400 3991 quater
412 3900 539 3991 junctis
554 3900 713 3988 implerat
728 3898 888 3965 cornibus
904 3900 1043 3965 orbem:

942 4031 960 4062 Ο
