2752 4350
146 249 327 325 V111.676.]
409 234 516 303 Their
538 231 691 302 Humble
713 234 945 323 Hospitalz'ty.
1000 219 1005 235 ’
1153 233 1200 324 89

146 453 216 519 quo
232 432 453 522 superinjecit
468 443 596 498 textum
614 431 698 497 rude
715 431 834 498 sedula
852 411 992 508 Baucis,
1147 447 1201 514 ⁶40

146 538 227 604 inde
244 538 320 605 soco
336 539 489 625 tepidum
507 538 658 604 cinerem
675 539 829 614 dimovit,
848 549 881 603 et
896 541 997 626 ignes

146 645 288 712 suscitat
303 647 494 722 hesternos,
513 645 670 733 foliisque
687 655 720 711 et
736 646 860 710 cortice
878 646 969 711 sicco

146 745 263 830 nutrit',
281 766 314 820 et
329 754 374 821 ad
389 754 548 820 flammas
565 755 680 819 anima
697 755 853 840 producit
869 754 965 833 anili,

147 862 401 949 multifidasque
418 860 512 926 faces
529 862 741 948 ramaliaque
758 859 853 925 arida
872 871 960 927 tecto

147 968 280 1045 detulit,
298 980 330 1034 et
347 967 480 1044 minuit,
498 987 673 1054 parvoque
690 965 840 1032 admovit
856 971 956 1034 atino.
1148 979 1200 1053 645

147 1075 307 1162 quodque
324 1095 405 1140 suus
422 1074 573 1162 conjunx
589 1073 689 1160 riguo
705 1073 892 1160 collegerat
908 1075 1018 1150 horto,

147 1191 284 1246 truncat
300 1181 375 1246 olus
391 1180 492 1247 soliis.
542 1180 656 1246 Furca
672 1180 763 1245 levat
777 1180 835 1244 ille
852 1179 983 1245 bicorni
1007 1239 1008 1244 ,

126 1287 290 1370 ‘sordida
305 1299 403 1374 terga
420 1287 490 1353 suis
505 1287 606 1376 nigro
623 1287 808 1373 pendentia
826 1286 943 1373 tign03

149 1404 353 1481 servatoque
369 1394 428 1460 diu
444 1405 577 1460 resecat
593 1394 635 1460 de
653 1407 788 1479 tergore
806 1405 938 1478 partem

148 1495 327 1582 exiguam,
346 1507 542 1584 sectamque
559 1497 675 1562 domat
691 1495 900 1561 serventibus
917 1495 1030 1562 undis.

194 1602 331 1668 Interea
348 1602 480 1668 medias
496 1603 618 1668 sallunt
634 1601 850 1667 sermonibus
867 1603 982 1679 horas,

149 1708 416 1796 concutiuntque
432 1719 544 1776 torum
561 1710 604 1776 de
621 1710 715 1775 molli
732 1708 884 1776 fluminis
900 1711 981 1775 ulva
1149 1725 1201 1797 655
1235 1736 1237 1740 ·

147 1815 346 1901 impositum
364 1816 464 1892 lecto,
483 1818 616 1903 sponda
633 1817 846 1904 pedibusque
863 1817 1019 1905 salignis.
1054 1802 1055 1805 ¹
1089 1884 1092 1894 ,

147 1923 302 1988 vestibus
319 1923 411 1988 hunc
426 1925 555 1999 velant,
573 1944 660 2011 quas
677 1946 745 1990 non
762 1924 827 1990 nisi
844 1935 998 2010 ternpore
1015 1923 1100 1992 sesto

149 2040 301 2094 sternere
316 2037 544 2105 consuerant3
570 2030 631 2097 sed
648 2042 681 2096 et
696 2031 784 2096 haec
799 2031 945 2118 vilisque
962 2041 1127 2119 vetusque

147 2136 253 2202 vestis
269 2148 353 2213 erat,
372 2137 462 2203 lecto
476 2157 544 2202 non
561 2136 776 2230 indignanda
792 2139 941 2225 saligno.

194 2240 400 2309 Accubuere
418 2243 486 2331 dei.
534 2241 695 2309 Mensam
714 2245 887 2311 succincta
903 2257 1121 2331 tremensque
1149 2260 1202 2316 660

148 2350 245 2436 ponit
262 2370 370 2415 anus:
395 2370 535 2416 mensae
551 2352 612 2417 sed
630 2363 702 2417 erat
717 2372 779 2438 pes
795 2351 912 2417 tertius
928 2349 1061 2436 impar:

148 2467 235 2522 testa
252 2477 370 2541 parem
386 2456 476 2522 fecit.
528 2455 629 2540 Qae
647 2469 826 2546 postquam
845 2458 979 2524 subdita
996 2456 1123 2522 clivum

149 2563 298 2639 sustulit,
318 2575 498 2650 aequatam
517 2579 651 2630 mentae
669 2577 795 2630 tersere
812 2564 973 2630 virentes.
1146 2559 1149 2564 ’

148 2670 286 2757 ponitur
302 2670 358 2735 hic
374 2670 504 2736 bicolor
520 2670 675 2737 sincerae
690 2672 779 2737 baca
795 2669 998 2744 Minervae3

149 2775 355 2864 conditaque
371 2775 406 2841 in
424 2775 552 2864 liquida
569 2799 674 2844 corna
692 2777 903 2843 autumnalia
921 2777 1039 2853 saece3
1148 2793 1199 2863 665

147 2883 337 2970 intibaque,
355 2893 389 2949 et
404 2884 516 2959 radix,
536 2895 568 2950 et
584 2869 681 2950 lactis
699 2905 812 2950 massa
830 2884 951 2960 coacti,

148 3010 283 3077 ovaque
299 3010 367 3055 non
386 2989 456 3055 acri
472 2991 592 3056 leviter
608 3003 742 3057 versata
759 2992 890 3066 favilla,
900 3029 946 3040 -

148 3096 265 3162 omnia
281 3095 453 3161 fictilibus.
501 3096 584 3163 Post
600 3099 686 3164 haec
703 3099 856 3164 caelatus
872 3097 993 3162 eodem

149 3202 277 3269 sistitur
293 3213 435 3290 argento
453 3215 577 3281 crater,
595 3204 828 3291 fabricataque
845 3205 926 3291 fago

149 3309 288 3396 pocula,
305 3329 373 3396 qua
390 3322 583 3390 canescunt,
602 3311 807 3376 flaventibus
823 3311 906 3375 illita
923 3308 1022 3375 ceris.
1148 3324 1200 3391 670

194 3415 307 3480 Parva
324 3436 421 3482 mora
437 3427 501 3493 est,
520 3418 707 3504 epulasque
723 3416 790 3483 soci
809 3417 930 3482 miser'e
947 3415 1113 3490 calentes,

150 3543 215 3588 nec
231 3521 357 3611 longae
374 3543 492 3588 rursus
510 3523 701 3588 reseruntur
717 3523 750 3588 vi
778 3542 797 3588 a
813 3533 986 3596 senectae,

150 3631 300 3716 dantque
317 3631 431 3695 locum
449 3630 576 3695 mensis
593 3631 733 3715 paulurn
752 3545 891 3696 deducta
908 3616 1080 3692 secundis.

151 3736 206 3801 hic
223 3758 307 3812 nux,
326 3735 383 3800 hic
400 3736 506 3800 mixta
524 3747 575 3801 est
590 3737 725 3825 rugosis
743 3735 855 3801 carica
872 3731 1010 3819 palmis,

151 3859 342 3930 prunaque,
361 3854 395 3907 et
410 3842 445 3907 in
463 3842 587 3928 patulis
604 3843 790 3908 redolentia
809 3842 899 3904 mala
916 3838 1084 3915 canistris,
1148 3855 1199 3924 675

151 3951 243 4019 etde
259 3948 440 4038 purpureis
456 3949 621 4015 collectae
637 3949 761 4015 vitibus
776 3967 877 4012 uvae.
