2752 4350
147 239 172 292 1,
199 237 254 310 79.]
359 215 394 283 T
388 217 430 282 he
452 216 638 282 Heaaens:
668 215 833 284 Creation
857 217 906 302 of
918 215 1021 281 Man.
1177 227 1196 302 7

146 426 243 503 parte
260 425 377 482 secant
392 435 513 491 zonae,
531 413 650 501 quinta
666 423 717 479 est
733 413 905 480 ardentior
921 411 1010 479 illis:

148 523 198 588 sic
213 544 300 588 onus
315 521 484 587 inclusum
501 542 644 586 numero
661 520 814 586 distinxit
830 521 952 585 eodem

148 650 232 695 cura
245 629 317 705 dei,
333 628 542 715 totidemque
558 629 684 715 plagae
700 629 821 693 tellure
838 637 1050 712 premuntur.

148 756 294 822 quarum
310 756 398 822 quae
415 733 528 800 media
544 745 607 812 est,
625 723 695 800 non'
711 744 762 798 est
778 733 974 799 habitabilis
991 743 1108 810 aestu}

149 842 209 906 nix
224 841 309 929 tegit
324 841 393 906 alta
408 842 516 916 duas3
540 841 680 906 totidem
696 839 785 905 inter
799 851 979 927 utramque
995 840 1133 918 locavit,
1168 871 1201 928 5⁰

148 948 416 1036 temperiemque
425 948 532 1026 dedit,
540 947 647 1012 mixta
663 967 742 1040 cum
759 946 888 1035 frigore
904 947 1056 1012 flamma.

184 1054 355 1120 Imminet
371 1053 424 1120 his
440 1059 520 1118 aer:
545 1054 616 1140 qui,
635 1064 763 1140 quanto
781 1065 831 1119 est
847 1056 999 1140 pondere
1016 1065 1127 1121 terrae

148 1162 284 1248 pondus
301 1182 412 1248 aquae
428 1161 550 1237 levius,
568 1171 663 1225 tanto
680 1171 731 1227 est
746 1161 923 1228 onerosior
938 1161 1025 1250 igni.

148 1267 221 1332 illic
236 1278 270 1333 et
284 1267 441 1344 nebulas,
459 1267 530 1332 illic
546 1267 730 1333 consistere
747 1269 857 1334 nubes

144 1373 259 1464 jussit,
277 1385 311 1440 et
327 1375 497 1439 humanas
513 1384 648 1440 motura
663 1374 810 1439 tonitrua
826 1385 969 1452 mentes,
1117 1375 1134 1430 ⁸-
1169 1404 1201 1462 55

149 1489 278 1546 etcum
294 1479 494 1546 fulminibus
511 1479 675 1546 facientes
692 1481 821 1569 frigora
837 1493 969 1548 ventos.

149 1587 204 1653 his
220 1608 356 1675 quoque
373 1608 442 1652 non
459 1586 587 1673 passim
605 1588 722 1653 mundi
740 1588 923 1656 fabricator
940 1588 1138 1655 habendum

150 1699 231 1759 aera
247 1694 422 1781 permisit:
447 1694 506 1759 vix
523 1716 615 1760 nunc
631 1695 801 1762 obsistitur
816 1696 894 1774 illis,

148 1822 230 1868 cum
246 1822 309 1867 sua
324 1800 469 1889 quisque
486 1813 609 1889 regant
625 1802 761 1868 diverso
777 1803 919 1869 flamina
934 1813 1056 1880 tractu,
1132 1799 1133 1803 ’

148 1907 233 1994 quin
249 1907 378 1973 lanient
392 1908 581 1994 ,mundum3
605 1919 699 1974 tanta
716 1921 767 1974 est
782 1909 953 1976 discordia
968 1909 1122 1974 fratrum.
1168 1925 1203 1980 60

61 2033 65 2041 ·
148 2013 264 2082 Eurus
281 2014 325 2082 ad
342 2034 501 2080 auroram
518 2014 767 2102 Nabataeaque
783 2037 893 2105 regna
909 2017 1062 2095 recessit,

148 2121 362 2210 Persidaque
378 2132 412 2186 et
427 2122 532 2187 radiis
545 2121 632 2211 juga
648 2124 783 2188 subdita
800 2124 995 2200 matutinis3

147 2227 285 2315 Vesper
301 2238 334 2294 et
349 2227 495 2295 occiduo
510 2251 599 2316 quae
615 2229 714 2295 litora
729 2232 802 2296 sole
819 2241 1009 2316 tepescunt,

149 2334 308 2423 proxima
324 2346 404 2402 sunt
419 2335 603 2422 Zephyro;
628 2335 807 2422 Scythiam
826 2347 1025 2425 septemque
1041 2336 1184 2403 trionem

149 2441 295 2510 horrifer
309 2442 436 2509 invasit
451 2441 602 2516 Boreas3
627 2441 797 2507 contraria
812 2443 914 2508 tellus
1167 2463 1201 2530 ⁶5

150 2549 297 2616 nubibus
314 2549 462 2616 assiduis
478 2548 662 2634 pluvioque
679 2548 845 2614 madescit
860 2550 904 2614 ab
923 2548 1063 2614 Austro.

150 2655 238 2722 haec
253 2677 357 2743 super
372 2655 534 2743 imposuit
549 2655 715 2742 liquidum
733 2665 766 2720 et
782 2635 949 2743 gravitate
967 2666 1141 2722 carentem

151 2763 303 2839 aethera,
322 2750 585 2850 necquicquam
603 2772 760 2827 terrenae
777 2763 882 2828 faecis
899 2763 1096 2829 habentem.

194 2868 266 2935 Vix
282 2869 329 2934 ita
344 2869 506 2935 limitibus
521 2869 753 2955 dissaepserat
766 2869 884 2935 omnia
901 2870 1015 2946 certis,

151 2996 230 3041 cum
246 2997 336 3064 quae
352 2996 471 3062 pressa
487 2975 545 3043 diu
562 2997 676 3042 massa
693 2977 823 3041 latuere
840 2976 904 3041 sub
919 2977 993 3053 illa,
1168 3008 1203 3063 70

150 3082 264 3149 sidera
280 3092 466 3169 coeperunt
480 3093 550 3147 toto
566 3082 791 3164 effervescere
809 3083 927 3148 caelo:

151 3210 219 3254 neu
234 3189 331 3277 regio
347 3188 434 3255 foret
447 3189 519 3254 ulla
535 3189 606 3254 suis
623 3190 854 3256 animantibus
870 3190 967 3266 orba,

150 3307 241 3362 astra
256 3307 374 3362 tenent
388 3296 537 3362 caeleste
553 3295 664 3362 solum
680 3298 880 3384 formaeque
902 3297 1066 3374 deorum

150 3414 327 3470 cesserunt
342 3403 456 3469 nitidis
473 3403 680 3468 habitandae
696 3404 847 3488 piscibus
863 3405 999 3479 undae3
1059 3387 1062 3391 ⁵

148 3520 239 3576 terra
255 3510 345 3577 feras
362 3509 464 3596 cepit,
482 3510 639 3575 volucres
656 3511 829 3598 agitabilis
846 3517 919 3578 aer.

194 3615 356 3684 Sanctius
372 3616 426 3683 his
444 3616 572 3681 animal
589 3617 781 3704 mentisque
798 3619 962 3705 capacius
979 3618 1069 3686 altae

149 3722 268 3789 deerat
283 3723 410 3799 adhuc,
427 3732 462 3788 et
476 3722 568 3808 quod
584 3722 754 3789 dominari
770 3724 806 3790 in
821 3736 935 3791 cetera
951 3736 1079 3812 posset.
1106 3789 1115 3809 ,

148 3840 249 3896 natus
265 3831 368 3896 homo
384 3839 455 3895 est:
479 3829 552 3895 sive
568 3830 662 3896 hunc
678 3829 794 3897 divino
810 3831 941 3898 semine
957 3832 1038 3900 fecit

147 3933 206 4006 ille
222 3935 339 4026 opifex
354 3956 482 4013 rerum,
501 3934 620 4003 mundi
637 3935 787 4002 melioris
804 3937 915 4026 origo,
