2790 4356
164 213 211 306 98
455 215 614 303 Orpheus
638 216 712 280 rand
732 171 925 302 Eurydice.
1076 231 1220 305 [Mareu.

168 411 278 478 exitus
295 396 449 496 auspicio
466 413 624 500 gravior3
650 434 731 476 nam
748 423 866 498 nupta,
885 434 947 498 per
963 411 1088 479 herbas

169 521 250 585 dum
267 539 356 584 nova
373 519 538 583 naiadum
555 518 653 582 turba
671 520 831 583 comitata
846 531 1007 605 vagatur,

168 625 305 701 occidit,
324 625 358 688 in
376 625 481 688 talum
500 625 666 710 serpentis
684 625 785 689 dente
802 637 952 710 recepto.
1191 656 1223 694 10

216 731 332 815 Quam
349 730 430 796 satis
447 731 491 794 ad
510 751 651 816 superas
669 711 850 818 postquam
867 730 1095 816 Rhodopeius
1113 727 1213 797 auras

169 838 307 906 deflevit
322 848 430 913 vates,
450 857 493 901 ne
510 857 579 900 non
596 847 778 922 temptaret
794 848 828 902 et
842 837 995 913 umbrae,

171 946 214 1012 ad
231 944 344 1033 Styga
360 927 535 1009 Taenaria
552 953 603 1008 est
620 965 723 1008 ausus
741 944 950 1009 descendere
968 955 1086 1030 porta3

169 1073 297 1139 perque
315 1053 408 1116 leves
425 1050 569 1137 populos
586 1049 838 1136 simulacraque
856 1050 971 1114 functa
988 1051 1147 1136 sepulcro

169 1158 414 1244 Persephonen
432 1157 527 1232 adiit,
545 1156 797 1242 inamoenaque
814 1177 923 1245 regna
939 1167 1111 1222 tenentem
1191 1185 1221 1242 ις
1300 1205 1303 1210 -

168 1266 368 1352 umbrarum
386 1264 576 1330 dominum.
624 1261 807 1348 Pulsisque
825 1263 869 1328 ad
887 1263 1041 1328 carmina
1058 1262 1172 1329 nervis

170 1370 219 1436 sic
237 1371 302 1436 ait:
329 1370 384 1436 ‘O
402 1370 501 1456 positi
518 1370 580 1454 sub
597 1381 685 1435 terra
703 1371 845 1433 numina
863 1369 994 1445 mundi,

168 1478 204 1542 in
221 1499 322 1564 quem
340 1478 536 1552 recidimus,
554 1474 716 1563 quicquid
735 1475 876 1539 mortale
892 1495 1051 1542 creamur
1061 1498 1071 1551 3

170 1584 305 1659 silicet,
325 1594 358 1648 et
375 1583 450 1648 salsi
468 1583 584 1668 positis
602 1580 806 1668 ambagibus
823 1580 892 1646 oris

169 1711 252 1754 vera
269 1690 361 1776 loqui
378 1688 497 1763 sinitis,
517 1711 585 1754 non
602 1689 683 1764 huc,
701 1698 737 1752 ut
753 1707 863 1773 opaca
880 1687 1033 1753 viderem
1123 1737 1126 1743 .
1188 1720 1223 1761 20

169 1795 330 1870 Tartara,
350 1795 524 1871 descendi,
544 1816 608 1860 nec
624 1796 672 1859 uti
688 1795 809 1859 villosa
827 1793 976 1860 colubris

169 1914 265 1968 terna
283 1900 464 1968 Medusaei
481 1902 644 1967 vincirem
663 1913 800 1990 guttura
818 1900 970 1967 monstri.

169 2029 275 2074 causa
291 2009 368 2074 viae
385 2009 550 2098 conjunx,
568 2008 724 2096 inquam
741 2008 873 2073 calcata
890 1995 1064 2073 venenum

169 2115 286 2201 vipera
303 2115 449 2190 diffudit,
470 2128 730 2201 crescentesque
747 2114 885 2179 abstulit
900 2134 1023 2180 annos

170 2243 270 2324 posse
288 2221 357 2306 pati
373 2221 480 2295 volui,
499 2242 563 2286 nec
580 2242 635 2287 me
651 2232 836 2306 temptasse
853 2222 1012 2309 negabo:
1187 2251 1221 2309 23

169 2328 250 2393 vicit
266 2327 387 2393 Amor.
437 2327 571 2413 Supera
589 2329 672 2392 deus
690 2328 746 2393 hic
762 2328 850 2392 bene
868 2339 966 2393 notus
985 2329 1019 2393 in
1036 2350 1097 2395 ora
1114 2339 1185 2396 est:

171 2456 214 2498 an
232 2435 274 2498 sit
289 2444 322 2499 et
338 2435 407 2509 hic,
426 2434 554 2509 dubito,
574 2435 635 2500 sed
651 2445 684 2499 et
701 2435 756 2499 hic
772 2446 889 2500 tamen
907 2455 1059 2524 auguror
1074 2458 1163 2503 esse.

169 2540 330 2627 famaque
345 2540 373 2605 si
389 2540 513 2605 veteris
530 2562 598 2605 non
615 2551 666 2606 est
682 2543 821 2607 mentita
838 2543 995 2628 rapinae,

169 2668 230 2712 vos
255 2667 391 2733 quoque
418 2646 532 2735 junxit
554 2643 671 2711 Amor.
716 2647 784 2714 Per
812 2671 878 2738 ego
902 2651 989 2716 haec
1015 2650 1093 2717 loca
1118 2651 1223 2739 plena

304 2752 447 2829 timoriS,

170 2881 231 2946 per
247 2858 364 2927 Chaos
382 2861 447 2926 hoc
464 2859 601 2950 ingens,
619 2861 775 2951 vastique
792 2862 926 2929 silentia
943 2862 1056 2954 regni,
1187 2896 1222 2951 30

170 2964 373 3051 Eurydices,
392 2986 464 3040 oro,
483 2977 665 3051 properata
682 2967 824 3035 retexite
841 2969 924 3033 sata.

169 3071 285 3134 omnia
302 3072 466 3136 debemur
480 3073 589 3148 vobiS,
609 3074 819 3162 paulumque
837 3075 958 3141 morati

170 3177 278 3241 serius
295 3189 353 3243 aut
369 3178 467 3242 citius
484 3179 601 3244 sedem
618 3202 844 3268 properamus
861 3183 904 3248 ad
922 3204 1040 3248 unam.

170 3283 339 3348 tendimus
357 3284 425 3348 huc
441 3306 574 3362 omnes,
594 3288 681 3353 haec
697 3300 748 3354 est
764 3289 886 3355 domus
903 3291 1042 3365 ultima3
1068 3310 1198 3376 vosque

172 3390 310 3454 humani
328 3391 465 3478 generis
482 3393 685 3481 longissima
702 3416 811 3482 regna
827 3397 960 3462 tenetis.
1188 3427 1221 3484 35

170 3494 257 3558 haec
273 3514 421 3580 quoque,
441 3516 518 3560 cum
533 3498 642 3585 justos
660 3510 792 3564 matura
808 3501 979 3588 peregerit
995 3521 1118 3577 annos,

168 3600 253 3686 juris
269 3600 332 3664 erit
346 3603 461 3668 vestri.
512 3602 580 3669 Pro
598 3627 738 3670 munere
757 3606 929 3690 poscimus
945 3629 1059 3672 usum.

169 3705 260 3790 quod
278 3705 306 3770 si
322 3707 392 3772 sata
409 3721 539 3796 negant
554 3710 690 3775 veniam
708 3732 770 3795 pro
787 3712 948 3800 conjuge,
967 3725 1098 3779 certum
1115 3722 1168 3778 est

170 3811 261 3874 nolle
277 3813 389 3878 redire
406 3815 511 3880 mihi:
536 3816 603 3880 leto
619 3818 767 3904 gaudete
784 3819 955 3884 duorum.’

214 3915 317 3981 Talia
330 3919 505 3985 dicentem
520 3942 712 4010 nervosque
728 3924 774 3989 ad
789 3925 895 3990 verba
912 3937 1107 3993 moventem
1187 3958 1225 4011 40
