2752 4350
161 221 250 274 VIII.
270 219 343 291 224]
443 203 514 269 His
549 201 722 290 Warnz‘ng
742 210 776 268 to
799 201 938 268 Icarus
1171 217 1213 290 77

161 411 198 465 ut
215 399 303 465 clivo
321 400 468 466 crevisse
486 411 596 487 putes.
645 399 705 466 Sic
722 400 848 466 rustica
864 401 1038 488 quondam
1074 334 1146 475 ts

161 509 275 572 fistula
292 506 485 592 disparibus
502 507 666 592 paulatim
684 509 793 594 surgit
810 508 942 572 avenis.

161 625 234 680 tum
251 615 320 680 lino
337 614 469 679 medias
486 626 519 678 et
535 616 622 678 ceris
639 613 770 701 adligat
787 614 887 689 imas,

163 731 264 807 atque
280 721 326 785 ita
343 720 547 806 compositas
564 741 671 806 parvo
689 720 887 785 curvamine
904 719 1021 798 flectit,

162 839 200 892 ut
214 849 313 893 veras
329 827 477 893 imitetur
494 847 588 892 aves.
637 825 729 891 Puer
745 826 862 892 Icarus
878 849 949 892 una
1165 858 1213 916 195

162 936 286 1010 stabat,
305 946 349 1010 et,
368 934 511 1021 ignarus
528 955 590 998 sua
607 955 644 998 se
660 943 805 998 tractare
823 933 962 1018 pericla,

162 1063 222 1106 ore
238 1040 405 1106 renidenti
424 1041 524 1106 modo
540 1060 627 1126 quas
643 1059 734 1126 vaga
752 1051 905 1105 moverat
921 1060 1018 1116 aura,

162 1148 322 1232 captabat
337 1148 486 1233 plumas,
504 1146 630 1212 flavam
648 1145 749 1211 modo
767 1145 890 1231 pollice
908 1166 1023 1212 ceram

162 1253 327 1329 mollibat,
346 1254 492 1340 lusuque
509 1274 571 1318 suo
588 1252 744 1316 mirabile
761 1253 867 1337 patris
969 1295 971 1300 -

57 1372 68 1394 ·
162 1359 371 1444 impediebat
386 1381 485 1444 opus,
534 1358 719 1445 Postquam
739 1378 861 1424 manus
877 1359 998 1424 ultima
1014 1360 1144 1446 coeptis
1164 1392 1216 1431 200

161 1466 320 1551 imposita
337 1477 399 1542 est,
419 1466 575 1554 geminas
592 1465 708 1550 opifex
725 1465 861 1529 libravit
877 1466 911 1530 in
929 1468 1002 1533 alas

161 1573 236 1659 ipse
252 1595 352 1637 suum
370 1593 513 1660 corpuS,
526 1584 685 1659 motaque
702 1572 866 1658 pependit
882 1573 916 1637 in
935 1594 1031 1638 aura.
1065 1649 1067 1652 ¹

209 1679 347 1745 instruit
364 1691 397 1744 et
413 1691 544 1755 natum,
560 1690 574 1742 .‘
588 1679 726 1744 Medio’
742 1700 809 1765 que
829 1690 889 1743 ‘ut
905 1680 1011 1746 limite
1029 1701 1159 1757 curras,

163 1785 286 1862 Icare‚'
302 1787 349 1851 ait
366 1797 375 1826 ‘
389 1807 524 1862 moneo,
544 1807 600 1862 ne,
619 1785 647 1852 si
664 1785 843 1852 demissior
859 1785 938 1861 ibis,

161 1893 255 1958 unda
272 1903 394 1981 gravet
410 1914 554 1978 pennaS,
573 1893 601 1958 si
620 1892 755 1968 celsior,
775 1892 866 1979 ignis
885 1893 1027 1957 adurat:
1164 1924 1214 1981 ²05

161 1999 249 2064 inter
265 2011 445 2087 utrumque
462 2001 552 2066 vola.
603 1999 728 2064 Necte
745 2012 901 2084 spectare
919 1998 1050 2064 Booten

163 2119 222 2171 aut
239 2106 385 2172 Helicen
398 2107 516 2196 jubeo,
536 2105 756 2192 strictumque
775 2105 912 2171 Orionis
931 2127 1070 2170 ensem:

162 2235 219 2278 me
235 2213 322 2278 duce
339 2235 442 2298 carpe
459 2213 575 2277 viam.'
622 2211 754 2278 Pariter
771 2223 954 2298 praecepta
971 2211 1110 2277 volandi

161 2320 274 2395 tradit,
293 2331 326 2385 et
341 2319 476 2407 ignotas
494 2321 645 2384 humeris
663 2320 903 2385 adcommodat
920 2319 1015 2383 alas:

160 2427 250 2492 inter
265 2448 351 2512 opus
370 2427 583 2513 monitusque
601 2447 713 2514 genae
732 2426 894 2491 maduere
912 2425 1050 2502 seniles,
1164 2457 1215 2497 210

161 2544 196 2599 et
212 2532 341 2619 patriae
357 2543 526 2598 tremuere
544 2553 677 2597 manus.
728 2532 833 2598 Dedit
848 2533 966 2598 oscula
984 2544 1063 2598 nato

161 2661 232 2704 non
248 2639 370 2704 iterum
386 2640 571 2724 repetenda
591 2661 672 2714 suo;
698 2639 888 2725 pennisque
905 2641 1039 2704 levatus

162 2747 362 2821 antevolat,
381 2745 564 2832 comitique
581 2745 687 2822 timet,
706 2747 799 2810 velut
816 2747 900 2822 ales,
920 2746 962 2811 ab
981 2748 1049 2812 alto

161 2874 252 2940 quae
268 2863 419 2918 teneram
438 2851 569 2938 prolem
588 2853 747 2938 produxit
763 2854 798 2918 in
816 2860 895 2918 aera
913 2855 1015 2929 nido;

162 2961 384 3047 hortaturque
401 2959 508 3047 sequi,
526 2960 777 3046 damnosasque
796 2962 906 3026 erudit
924 2973 1026 3037 artes,
1164 2992 1214 3049 215

162 3078 196 3132 et
213 3077 325 3131 movet
340 3066 414 3150 ipse
431 3086 510 3130 suas
527 3077 560 3130 et
577 3065 646 3130 nati
664 3066 801 3152 respicit
819 3069 904 3132 alas.

211 3172 284 3238 Hos
302 3171 424 3258 aliquis
440 3173 585 3238 tremula
604 3173 685 3237 dum
703 3185 818 3259 captat
836 3174 1003 3240 arundine
1019 3174 1145 3261 pisces,

163 3290 222 3345 aut
238 3290 353 3364 pastor
368 3280 504 3355 baculo,
524 3280 653 3345 stivave
671 3281 809 3345 innixus
828 3293 954 3358 arator,

163 3387 259 3459 vidit,
278 3396 311 3450 et
326 3385 509 3470 obstupuit,
528 3386 654 3473 quique
673 3389 811 3452 aethera
829 3401 969 3473 carpere
987 3398 1138 3474 possent,

163 3492 307 3558 credidit
323 3513 398 3556 esse
415 3493 509 3558 deos.
560 3493 603 3559 Et
616 3494 688 3582 jam
700 3493 851 3578 Junonia
868 3496 967 3558 laeva
1163 3525 1215 3565 220

163 3611 259 3686 parte
275 3599 399 3664 Samos
419 3599 540 3676 luerat,
560 3599 734 3690 Delosque
753 3599 928 3687 Parosque
945 3600 1097 3676 relictae,

163 3709 282 3773 dextra
300 3705 490 3772 Lebinthos
506 3717 591 3782 erat,
609 3707 824 3794 secundaque
842 3708 941 3772 melle
960 3705 1145 3793 Calymne,

162 3836 241 3880 cum
261 3837 345 3898 puer
363 3813 486 3900 audaci
503 3811 615 3897 coepit
631 3813 783 3899 gaudere
800 3815 929 3887 volatu,

163 3922 380 4008 deseruitque
398 3920 534 3995 ducem,
554 3919 708 4006 caelique
726 3920 886 4005 cupidine
903 3930 1030 3985 tractus
