2790 4356
203 245 267 335 148
431 246 467 314 T
462 249 504 315 ke
538 247 696 338 Worshtjn
719 253 766 336 aff
779 248 1021 338 AEsculapius.
1103 263 1250 330 [Mareu.

199 442 455 531 Parthenopen,
473 458 507 513 et
522 447 566 512 ab
582 447 649 514 hac
665 446 843 513 Cumaeae
858 445 987 533 templa
1004 443 1172 530 Sibyllae.

200 552 281 618 hinc
297 553 400 620 calidi
416 554 525 619 fontes
541 554 855 641 lentisciferumque
870 563 1003 618 tenetur

198 653 417 734 Linternum,
435 658 646 746 multamque
662 659 802 724 trahens
819 657 883 724 sub
899 655 1037 746 gurgite
1054 677 1196 722 arenam

198 762 401 840 Volturnus,
420 763 597 852 niveisque
614 764 775 852 frequens
792 763 959 830 Sinuessa
978 764 1159 844 columbis,
1197 793 1249 850 715

198 868 465 958 Minturnaeque
482 891 620 958 gravae,
639 880 672 938 et
686 891 790 957 quam
807 870 987 936 tumulavit
1003 872 1175 946 alumnus,

197 976 477 1064 Antiphataeque
494 977 630 1052 domus,
647 976 874 1062 Trachasque
891 977 1031 1044 obsessa
1047 977 1187 1066 palude,

198 1095 232 1150 et
247 1085 348 1150 tellus
364 1083 523 1160 Circaea,
543 1093 575 1150 et
591 1082 691 1168 spissi
708 1082 815 1148 litoris
831 1081 990 1150 Antium.

246 1191 326 1258 Huc
341 1191 399 1256 ubi
415 1191 593 1260 veliferam
610 1201 736 1256 nautae
754 1189 932 1258 advertere
950 1192 1103 1260 carinam
1116 1226 1161 1243 -

199 1320 301 1386 asper
316 1299 408 1365 enirn
419 1299 494 1389 jam
509 1312 633 1384 pontus
650 1308 722 1364 erat
733 1333 778 1346 -
790 1298 875 1364 deus
893 1300 1043 1386 explicat
1058 1301 1171 1376 orbeS,
1197 1328 1250 1384 720

198 1427 328 1494 perque
344 1407 439 1474 sinus
456 1407 594 1472 crebros
612 1417 644 1470 et
661 1424 789 1493 magna
805 1406 981 1472 volumina
998 1407 1131 1484 labens,

198 1515 325 1598 templa
342 1512 493 1600 parentis
508 1512 570 1578 init
584 1511 711 1578 flavum
728 1512 905 1600 tangentia
922 1513 1014 1580 litus.

199 1639 348 1707 aequore
364 1631 487 1706 pacato
503 1618 632 1706 patrias
648 1618 858 1703 Epidaurius
876 1640 954 1706 aras

200 1727 332 1814 linquit,
351 1739 383 1792 et
399 1726 546 1812 hospitio
558 1725 667 1814 juncti
683 1725 747 1790 sibi
764 1726 915 1793 numinis
930 1749 1014 1794 usus

199 1833 353 1899 litoream
370 1844 481 1900 tractu
497 1852 661 1920 squamae
679 1831 877 1918 crepitantis
894 1854 1035 1900 arenam
1199 1861 1249 1920 725

199 1941 322 2016 sulcat,
341 1951 373 2005 et
389 1940 527 2005 innixus
544 1937 779 2006 moderamine
795 1940 895 2006 navis
910 1941 947 2007 in
963 1941 1033 2008 alta

199 2069 315 2134 puppe
332 2057 434 2133 caput
450 2045 574 2132 posuit,
592 2046 703 2116 donec
719 2044 950 2135 Castrumque
967 2067 1151 2136 sacrasque

199 2152 325 2219 Lavini
341 2153 441 2220 sedes
458 2153 692 2239 Tiberinaque
709 2152 754 2218 ad
770 2153 857 2218 ostia
873 2155 979 2220 venit.

246 2260 333 2326 Huc·
342 2281 462 2326 omnes
478 2260 595 2346 populi
612 2259 756 2346 passim,
775 2271 991 2347 matrumque
1009 2271 1210 2347 patrumque
1332 2345 1336 2352 Ι

198 2368 300 2435 obvia
316 2367 415 2432 turba
431 2366 509 2443 ruit,
527 2387 684 2454 quaeque
701 2365 815 2453 ignes,
834 2365 975 2442 Troica,
995 2377 1144 2443 servant,
1199 2394 1252 2452 730

198 2473 319 2549 Vesta,
337 2483 426 2549 tuos,
443 2473 601 2560 laetoque
617 2472 720 2538 deum
739 2472 888 2539 clamore
908 2475 1076 2548 salutant3

199 2600 335 2668 quaque
352 2599 414 2665 per
430 2578 592 2646 adversas
609 2577 706 2644 navis
723 2577 790 2644 cita
807 2578 942 2644 ducitur
957 2581 1083 2656 undas,

187 2669 274 2751 'tura
291 2707 393 2771 super
409 2683 501 2771 ripas
517 2684 586 2750 aris
601 2705 647 2750 ex
662 2684 782 2751 ordine
800 2685 898 2752 factis

198 2803 294 2880 parte
312 2793 355 2857 ab
371 2802 514 2878 utraque
530 2802 666 2867 sonant,
684 2802 718 2858 et
733 2792 878 2859 odorant
894 2798 976 2859 abra
992 2791 1115 2860 fumis:

198 2901 333 2989 ictaque
350 2901 522 2990 conjectos
537 2899 711 2966 incalfacit
726 2900 837 2966 hostia
856 2901 994 2966 cultros.
1199 2927 1249 2986 735

239 3009 386 3097 Jamque
404 3021 506 3096 caput
522 3031 649 3086 rerum,
667 3008 864 3075 Romanam
882 3006 1066 3073 intraverat
1081 3008 1215 3074 urbem.

128 3187 132 3196 ,
198 3117 341 3203 erigitur
355 3139 509 3202 serpens
528 3137 729 3202 summoque
747 3114 893 3181 acclinia
911 3115 1005 3180 malo

199 3225 288 3288 colla
305 3234 429 3299 movet,
449 3225 615 3311 sedesque
632 3224 695 3290 sibi
713 3221 943 3310 circumspicit
958 3231 1069 3308 aptas.

199 3331 363 3425 scinditur
379 3329 413 3394 in
430 3330 587 3418 geminas
604 3341 718 3416 partes
734 3329 954 3396 circumfluus
971 3327 1103 3394 amnis:

199 3433 313 3497 absula
329 3453 455 3498 nornen
472 3432 595 3507 habet;
621 3432 833 3519 laterumque
850 3454 870 3498 e
886 3442 983 3518 parte
999 3431 1145 3498 duorum
1197 3457 1251 3514 7⁴0

197 3538 342 3626 porrigit
358 3539 519 3626 aequales
536 3538 649 3604 media
664 3539 785 3604 tellure
802 3539 960 3605 lacertos.

199 3645 267 3709 huc
284 3667 320 3709 se
337 3645 379 3709 de
396 3644 497 3710 Latia
513 3644 596 3730 pinu
612 3643 807 3710 Phoebeius
824 3645 950 3734 anguis

199 3751 352 3825 contulit,
370 3762 404 3817 et
419 3752 522 3816 finem
539 3750 654 3837 specie
670 3751 817 3816 caeleste
834 3762 1009 3840 resumpta

199 3855 345 3920 luctibus
361 3855 534 3943 imposuit,
552 3855 713 3946 venitque
729 3857 882 3926 salutifer
899 3858 1000 3928 Urbi.
