2752 4350
1166 2 1208 15 .ae

193 226 237 274 20
359 226 399 273 11.
440 206 511 273 Tte
533 205 740 276 Adventare
763 207 812 292 eff
823 205 1017 274 Phadtlaeon.
1099 225 1246 298 [Menan.

191 404 349 489 deposuit
366 404 493 479 radios,
512 403 721 490 propiusque
738 403 903 470 accedere
916 403 1029 491 jussit,

192 512 422 597 amplexuque
440 511 532 585 dato,
553 509 653 574 ‘Nec
669 522 704 574 tu
722 531 818 576 meus
835 531 911 576 esse
929 511 1049 598 negari

191 619 317 706 dignus
333 639 384 693 es,
403 627 435 682 et
450 616 621 702 Clymene
638 617 755 682 veros'
770 616 818 682 ait
834 615 963 682 ‘edidit
978 629 1083 684 ortus.
1198 682 1211 700 „

190 747 325 813 quoque
343 724 456 788 minus
473 722 619 799 dubites,
637 723 782 810 quodvis
799 734 876 809 pete
893 746 1031 803 munus,
1049 737 1087 792 ut
1102 727 1188 796 illud

190 854 245 896 me
262 833 428 896 tribuente
445 830 556 895 feras:
583 830 741 915 promissi
757 830 850 896 testis
866 831 984 896 adesto
1208 865 1243 922 43

190 939 242 1004 dis
255 938 403 1026 juranda
419 937 531 1022 palus,
551 936 660 1002 oculis
676 935 851 1024 incognita
869 936 1017 1002 nostris.’

235 1044 306 1109 Vix
322 1046 409 1110 bene
427 1044 587 1144 desierat,
606 1064 725 1108 currus
742 1055 842 1130 rogat
857 1043 915 1109 ille
933 1055 1106 1129 paternos,

190 1152 292 1238 inque
309 1152 400 1216 diem
418 1151 591 1236 alipedum
605 1150 661 1236 jus
678 1160 711 1216 et
727 1151 948 1216 moderamen
967 1172 1146 1238 equorum.

190 1259 355 1343 paenituit
367 1259 502 1345 jurasse
518 1269 671 1342 patrem:
697 1255 754 1342 qui
772 1267 889 1343 terque
905 1269 1092 1346 quaterque

190 1366 387 1430 concutiens
405 1364 533 1429 illustre
551 1374 666 1448 caput,
688 1362 930 1428 ‘Temeraria’
946 1364 1032 1432 dixit
1208 1397 1243 1455 50

190 1484 280 1536 ‘vox
299 1492 375 1535 mea
392 1473 481 1536 sacta
498 1483 555 1536 tua
572 1482 643 1544 est;
668 1469 798 1533 utinam
817 1469 985 1553 promissa
1002 1470 1120 1538 liceret

189 1601 257 1643 non
274 1577 378 1643 dare!
404 1578 578 1651 confiteor,
597 1577 708 1642 solum
726 1577 792 1640 hoc
809 1575 881 1651 tibi,
900 1587 992 1653 nate,
1011 1599 1202 1666 negarem:

188 1685 388 1749 dissuadere
405 1684 496 1750 licet.
545 1682 625 1748 Non
643 1693 694 1747 est
710 1693 767 1747 tua
785 1692 856 1746 tuta
872 1683 1051 1750 voluntas:

188 1812 317 1878 magna
334 1791 432 1876 petis,
451 1789 642 1864 Pha'e'tbon,
659 1800 692 1854 et
708 1809 797 1876 quae
815 1809 880 1853 nec
895 1788 1024 1856 viribus
1041 1791 1113 1858 istis

188 1918 331 1961 munera
348 1897 566 1972 conveniant,
585 1907 735 1960 nectam
753 1895 941 1981 puerilibus
958 1897 1069 1963 annis.
1207 1929 1240 1988 53

188 2027 261 2069 sors
277 2017 333 2069 tua
352 2004 522 2080 mortalis;
548 2025 616 2070 non
633 2014 683 2068 est
700 2003 855 2077 mortale,
874 2003 967 2089 quod
982 2015 1093 2090 optas.

104 2186 105 2190 Ἰ
188 2112 264 2196 plus
281 2111 396 2184 etiam,
415 2131 518 2196 quam
535 2110 626 2196 quod
644 2109 775 2194 superis
793 2108 992 2196 contingere
1008 2110 1061 2176 fas
1078 2121 1142 2190 est,

187 2218 323 2282 nescius
340 2217 492 2283 affectas.
541 2216 683 2280 Placeat
699 2215 762 2280 sibi
780 2215 923 2302 quisque
941 2216 1075 2282 licebitz

187 2346 254 2388 non
272 2336 386 2392 tamen
404 2322 550 2410 ignifero
567 2322 748 2409 quisquam
766 2320 951 2386 consistere
967 2321 1002 2386 in
1020 2317 1095 2389 axe'

187 2451 241 2493 me
259 2430 349 2494 valet
365 2440 521 2513 exceptu.
570 2428 667 2493 Vasti
685 2449 821 2515 quoque
838 2438 948 2492 rector
965 2427 1121 2517 Olympi,
1201 2449 1238 2504 60

186 2536 244 2621 qui
261 2536 332 2600 sera
349 2536 487 2600 terribili
501 2535 672 2623 jaculatur
689 2534 833 2598 fulmina
850 2534 983 2611 dextra,

185 2664 254 2706 non
272 2655 353 2728 agat
370 2643 432 2706 hos
449 2662 590 2708 currus:
615 2652 649 2706 et
664 2641 746 2728 quid
758 2641 845 2727 Jove
864 2642 976 2730 majus
992 2643 1182 2712 habemus?

201 2810 218 2840 's
232 2760 240 2788 ‘
254 2747 374 2812 Ardua
391 2748 500 2833 prima
517 2747 572 2812 via
589 2759 651 2823 est,
670 2759 703 2812 et
718 2768 786 2833 qua
803 2747 862 2812 vix
880 2770 980 2816 mane
997 2764 1151 2820 recentes

185 2855 355 2919 enituntur
371 2853 471 2941 equi:
498 2853 609 2919 medio
627 2865 678 2918 est
694 2854 860 2921 altissima
877 2859 987 2936 caelo,

183 2960 275 3024 unde
292 2981 385 3026 mare
402 2971 435 3026 et
450 2970 558 3026 terras
574 2958 638 3045 ipsi
657 2959 740 3025 mihi
758 2983 863 3048 saepe
878 2965 996 3032 videre
1200 2987 1235 3058 ⁶5

183 3068 220 3131 fit
235 3068 345 3143 timor,
364 3077 397 3132 et
413 3067 537 3152 pavida
553 3066 700 3151 trepidat
718 3068 898 3136 formidine
915 3082 1056 3164 pectus:

182 3173 300 3238 ultima
317 3193 425 3258 prona
440 3173 496 3236 via
513 3183 575 3248 est,
594 3185 627 3238 et
643 3185 723 3262 eget
739 3177 973 3244 moderamine
990 3189 1103 3246 certo:

182 3290 263 3345 tunc
279 3280 380 3346 etiam
398 3300 485 3366 quae
500 3302 555 3346 me
573 3282 734 3369 subjectis
750 3283 878 3370 excipit
891 3285 1006 3362 undis,

182 3408 225 3454 ne
242 3387 332 3451 ferar
347 3386 382 3450 in
399 3408 579 3474 praeceps,
598 3390 732 3476 Tethys
749 3391 835 3457 solet
850 3394 925 3477 ipsa
941 3391 1062 3458 vereri.

182 3494 270 3558 adde
286 3493 378 3580 quod
395 3495 533 3560 assidua
550 3495 679 3580 rapitur
695 3496 863 3584 vertigine
879 3498 1029 3576 caelum,
1198 3529 1234 3585 70

182 3601 361 3687 sideraque
379 3602 447 3666 alta
464 3602 578 3677 trahit,
597 3602 768 3688 celerique
785 3603 958 3670 volumine
975 3614 1120 3692 torquet.

180 3707 268 3771 nitor
285 3707 319 3770 in
337 3709 532 3783 adversum,
551 3729 617 3772 nec
633 3729 688 3772 me
705 3708 763 3794 qui
781 3719 906 3786 cetera,
924 3710 1030 3776 vincit

179 3814 340 3899 impetus,
359 3823 392 3878 et
408 3815 527 3898 rapido
546 3814 736 3879 contrarius
753 3816 880 3882 evehor
894 3816 981 3882 orbi.

227 3920 361 4007 ‘Finge
378 3919 475 3985 datos
491 3940 631 3985 currus:
656 3919 738 4006 quid
754 3919 861 4008 ages?
884 3922 1055 4008 poterisne
1071 3927 1187 3992 rotatis
