2790 4356
190 267 214 332 l.
235 291 259 346 3,
273 277 331 350 24·]
431 268 434 274 '
487 259 671 326 Banrkked
678 259 785 345 from
808 257 930 326 Rome.

569 552 633 619 IV.
682 552 852 618 Tarsam.

238 709 308 762 Tite
324 709 432 762 Tristia
453 709 487 780 (“
498 709 670 780 Complaints
681 709 713 780 ”)
729 725 776 762 are
788 708 842 763 five
860 707 951 763 books
970 705 1003 761 os
1017 723 1115 776 poems
1130 709 1238 764 written

185 794 287 866 during
307 797 405 850 Ovid’s
422 796 489 868 long
506 796 696 851 banishment.
743 799 827 852 Some
846 795 879 850 os
893 795 968 850 them
987 794 1059 849 have
1078 797 1159 850 much
1179 796 1238 852 bio·
1350 789 1355 798 ’

184 883 326 953 graphical
344 884 468 951 interest,
481 884 538 937 and
556 883 594 952 all
611 901 658 939 are
676 882 725 938 full
744 883 777 938 ol
791 883 923 953 personal
934 881 1056 954 leeling3
1077 884 1237 939 sometimes

185 978 379 1037 monotonous,
393 969 492 1038 abject,
505 971 560 1026 and
574 971 714 1042 unmanly,
728 987 805 1024 more
824 969 900 1024 oiten
919 986 937 1024 a
953 971 1074 1043 genuine
1091 971 1145 1025 and
1164 981 1238 1027 most

184 1055 308 1123 pathetic
332 1057 499 1126 expression
522 1057 556 1112 oi
576 1058 623 1112 the
648 1073 769 1112 sorrows
794 1056 827 1112 ol
851 1057 932 1112 exile.
980 1059 1166 1130 (Respecting
1190 1061 1237 1114 the

184 1157 283 1196 causes
296 1143 352 1197 and
364 1145 583 1199 circumstances
595 1144 628 1199 of
643 1144 742 1198 Ovid’s
756 1143 943 1212 banishment,
957 1161 1005 1199 see
1018 1147 1065 1200 the
1079 1145 1125 1199 Lis
1139 1147 1160 1216 .)

394 1361 426 1406 1.
451 1340 750 1427 Bam'sleedsrom
773 1339 884 1406 Rome
911 1341 952 1432 (i.
971 1340 1024 1429 3).
1096 1385 1099 1392 -

255 1547 332 1617 UM
347 1549 437 1617 subit
452 1550 542 1617 iliius
558 1548 749 1617 tristissima
766 1551 874 1618 noctis
890 1550 1021 1640 imago,

301 1656 382 1742 Oua
398 1657 482 1722 mihi
500 1679 698 1744 supremum
715 1641 849 1744 tempus
865 1659 901 1723 in
917 1658 1013 1725 Urbe
1030 1657 1104 1734 suit,

182 1762 271 1831 Cum
289 1777 404 1851 repeto
420 1776 569 1841 noctem,
587 1786 656 1852 qua
673 1776 720 1831 tot
737 1763 818 1829 mihi
836 1785 917 1831 cara
932 1764 1067 1851 reliqui,

226 1871 370 1937 Labitur
386 1893 430 1937 ex
447 1871 555 1938 oculis
573 1893 666 1937 nunc
681 1893 816 1960 quoque
834 1883 930 1960 gutta
947 1871 1046 1936 meis.

177 1977 255 2066 Jam
274 2000 379 2064 prope
395 1979 456 2043 lux
475 1980 605 2052 aderat,
624 1999 692 2066 qua
710 2001 763 2043 me
781 1978 959 2043 discedere
976 1975 1109 2058 Caesar
1217 2009 1232 2067 ς

226 2084 368 2150 Finibus
385 2095 560 2151 extremae
573 2084 722 2175 jusserat
737 2083 926 2150 Ausoniae.

182 2190 258 2258 Nec
275 2193 422 2279 spatium
439 2192 561 2268 suerat,
578 2213 644 2258 nec
661 2214 758 2258 mens
775 2192 856 2256 satis
873 2204 953 2277 apta
968 2189 1134 2278 parandi:

225 2299 444 2384 Torpuerant
459 2300 566 2386 longa
582 2311 721 2386 pectora
738 2309 853 2364 nostra
870 2319 977 2363 mora.

181 2403 262 2470 Non
280 2404 363 2469 mihi
380 2427 569 2481 servorum,
588 2405 720 2471 comitis
738 2427 806 2470 non
823 2425 905 2470 cura
922 2402 1074 2493 legendi,

225 2510 313 2586 Non,
324 2524 424 2598 aptae
441 2513 588 2600 profugo
605 2512 707 2577 vestis
723 2511 841 2598 opisve
859 2510 931 2577 suit.
1200 2543 1232 2583 10

180 2615 261 2684 Non
279 2619 375 2684 aliter
390 2617 517 2704 stupui,
536 2640 640 2705 quam
657 2618 713 2704 qui
725 2618 822 2704 Jovis
838 2617 976 2706 ignibus
992 2617 1080 2684 ictus

224 2723 331 2800 Vivit,
350 2736 382 2790 et
398 2736 448 2790 est
464 2725 552 2790 vitae
570 2725 706 2790 nescius
722 2726 796 2810 ipse
813 2745 908 2790 suae.

179 2831 228 2898 Ut
243 2842 357 2896 tamen
374 2817 464 2896 hanc
483 2831 588 2895 animi
605 2832 731 2896 nubem
749 2832 845 2897 dolor
861 2830 935 2916 ipse
952 2830 1107 2909 removit,

225 2936 269 3003 Et
284 2939 421 3004 tandem
440 2961 561 3004 sensus
578 2938 784 3004 convaluere
803 2937 890 3013 mei3

178 3042 359 3132 Adloquor
374 3057 566 3111 extremum
586 3056 733 3110 maestos
750 3044 901 3109 abiturus
919 3041 1060 3121 amicos,
1201 3074 1230 3132 15

226 3151 296 3240 Qri
314 3153 415 3220 modo
431 3153 474 3219 de
492 3153 606 3219 multis
623 3173 712 3217 unus
728 3162 761 3216 et
777 3149 862 3215 alter
877 3161 985 3216 erant.

179 3257 278 3324 Uxor
294 3279 415 3326 amans
431 3259 568 3326 flentem
585 3259 672 3326 flens
690 3258 803 3324 acrius
819 3258 895 3343 ipsa
911 3257 1061 3334 tenebat,

227 3365 340 3432 Imbre
357 3387 417 3453 per
433 3366 593 3456 indignas
609 3388 718 3454 usque
736 3367 879 3432 cadente
896 3384 1027 3453 genas3

179 3472 272 3539 Nata
290 3457 408 3560 procul
424 3473 567 3561 Libycis
584 3475 701 3539 aberat
716 3474 853 3540 diversa
871 3473 933 3539 sub
950 3471 1030 3548 oris,

225 3581 302 3647 Nec
317 3591 448 3668 poterat
464 3581 522 3646 fati
540 3579 662 3646 certior
678 3602 753 3647 esse
770 3582 850 3646 mei.
1196 3611 1231 3651 20

182 3685 410 3774 Quocumque
427 3686 611 3772 aspiceres,
630 3687 741 3752 luctus
758 3686 974 3774 gemitusque
991 3685 1172 3764 sonabant,

224 3793 255 3859 F
255 3815 418 3880 ormaque
434 3813 503 3858 non
519 3791 611 3858 taciti
627 3792 757 3858 funeris
773 3792 863 3858 intus
881 3803 965 3858 erat.

180 3899 325 3967 Femina
340 3899 459 3986 virque
477 3921 566 3975 meo,
585 3900 681 3985 pueri
699 3920 834 3986 quoque
851 3901 971 3966 sunere
988 3909 1163 3978 maerent3

224 4002 333 4092 lnque
349 4003 452 4068 domo
467 4002 628 4068 lacrimas
645 4001 795 4092 angulus
811 4002 922 4069 omnis
939 4004 1062 4070 habet:
