2790 4356
179 275 218 329 X.
232 272 305 345 πᾳ]
484 255 604 323 Deatt
628 258 676 343 of
687 255 922 344 Hyacinthus.
1153 273 1229 340 ·103

180 453 342 519 Phoebus
358 452 418 531 ait,
434 453 602 542 videoque
618 463 728 531 tuum,
746 475 824 520 mea
840 452 997 527 crimina,
1015 452 1151 520 vulnus.

180 571 217 626 tu
233 561 331 626 dolor
346 581 397 637 es,
415 561 616 649 facinusque
634 583 769 627 meum:
795 581 873 625 mea
890 559 1032 624 dextera
1049 559 1116 626 leto

180 666 399 733 inscribenda
415 677 474 735 tuo,
489 679 560 742 est3
585 688 651 756 ego
668 689 743 733 sum
760 667 820 732 tibi
838 666 968 731 funeris
985 676 1113 732 auctor.

180 794 270 861 quae
286 794 365 838 mea
381 774 484 860 culpa
499 772 637 839 tamen?
661 773 726 839 nisi
743 772 771 839 si
789 767 911 838 lusisse
929 773 1044 838 vocari
1181 805 1233 844 200

181 881 284 966 culpa
300 889 422 966 potest,
441 879 506 945 nisi
522 881 625 966 culpa
641 891 751 966 potest
766 889 800 945 et
816 901 951 946 amasse
967 879 1095 946 vocari.

181 997 284 1073 atque
300 987 430 1051 utinam
447 1008 509 1072 pro
525 998 558 1052 te
574 987 693 1062 vitam,
712 997 869 1052 tecumve
888 987 1005 1052 liceret

180 1090 346 1159 reddere!
394 1091 500 1178 Quod
515 1093 677 1180 quoniam
695 1093 789 1158 fatali
806 1094 886 1183 lege
902 1104 1070 1171 tenemur,

181 1221 318 1287 semper
334 1199 400 1266 eris
418 1221 566 1277 mecum,
586 1200 797 1288 memorique
814 1201 971 1266 haerebis
988 1201 1111 1266 inore.

180 1319 214 1372 te
231 1309 307 1395 lyra
323 1309 423 1395 pulsa
439 1318 609 1385 manu,te
626 1309 780 1373 carmina
797 1319 912 1374 nostra
929 1308 1100 1374 sonabunt
1110 1329 1120 1381 ;
1183 1336 1233 1393 205

180 1413 312 1502 flosque
329 1437 437 1480 novus
448 1415 579 1502 ¹scripto
596 1415 744 1503 gemitus
760 1415 937 1480 imitabere
955 1425 1109 1480 nostros:

180 1533 316 1608 tempus
333 1532 367 1587 et
381 1523 466 1588 illud
483 1523 557 1598 erit,
576 1543 644 1609 quo
661 1544 698 1588 se
714 1521 916 1587 fortissimus
934 1523 1035 1586 heros

181 1628 287 1694 addat
302 1629 337 1693 in
355 1630 446 1695 hunc
462 1628 595 1704 florem,
614 1629 763 1716 folioque
779 1629 915 1716 legatur
930 1627 1090 1693 eodem.'’

228 1735 356 1800 ‘Talia
372 1737 454 1802 dum
470 1757 552 1802 vero
570 1746 802 1802 memorantur
818 1734 991 1820 Apollinis
1007 1756 1079 1811 ore,

182 1864 264 1910 ecce
281 1864 393 1920 cruor,
410 1845 469 1930 qui
485 1844 580 1910 susus
598 1846 704 1909 humo
721 1845 918 1931 signaverat
935 1844 1092 1920 herbam,
1184 1876 1235 1915 210

182 1951 307 2017 desinit
323 1941 399 2016 esse
414 1972 526 2027 cruor,
544 1951 721 2038 Tyrioque
738 1950 897 2016 nitentior
912 1961 1004 2016 ostro

182 2057 246 2124 flos
262 2058 379 2135 oritur,
397 2058 610 2146 formamque
627 2059 718 2144 capit
734 2079 838 2145 quam
855 2057 938 2134 lilia,
958 2057 986 2122 si
1003 2077 1073 2123 non

183 2186 375 2253 purpureus
393 2165 485 2230 color
501 2165 568 2240 his,
587 2177 771 2254 argenteus
787 2175 878 2230 esset
894 2165 929 2228 in
946 2163 1027 2230 illis.

183 2271 347 2338 nonsatis
363 2272 430 2336 hoc
445 2270 586 2337 Phoebo
603 2283 653 2338 est
669 2272 716 2358 (is
733 2272 824 2337 enim
838 2271 900 2336 tuit
916 2281 1035 2336 auctor
1052 2256 1209 2358 honoris)
1225 2292 1234 2334 ε

182 2378 257 2464 ipse
275 2399 355 2444 suos
371 2378 519 2466 gemitus
536 2379 624 2444 foliis
640 2379 805 2454 inscribit,
825 2389 858 2443 et
882 2395 921 2441 nr
945 2394 984 2442 Ar
1185 2406 1235 2463 215

183 2485 248 2552 flos
264 2485 367 2550 habet
381 2484 594 2570 inscriptum,
613 2486 815 2573 funestaque
832 2485 942 2550 littera
960 2484 1063 2549 ducta
1080 2492 1143 2548 est.

183 2613 250 2657 nec
265 2591 427 2680 genuisse
443 2592 548 2676 pudet
564 2591 712 2678 Sparten
730 2585 968 2679 Hyacinthon,
986 2592 1164 2678 honorque

184 2700 285 2765 durat
300 2698 335 2764 in
352 2698 418 2764 hoc
435 2698 533 2774 aevi3
559 2699 835 2786 celebrandaque
852 2720 945 2764 more
961 2699 1114 2784 priorum

185 2824 303 2873 annua
315 2805 470 2894 praelata
486 2805 630 2873 redeunt
647 2805 859 2897 Hyacinthia
875 2805 1030 2894 pompa.’
