2790 4356
183 177 332 249 1V·792-]
537 206 540 212 -
613 155 684 225 Tio
707 159 824 224 Fasti.

180 355 260 424 Neo
274 365 395 422 noceat
409 358 565 422 turbasse
581 357 697 422 locus:
723 357 900 443 ignoscite,
918 352 1101 444 nymphae,
1217 360 1219 364 ’

226 464 326 529 Moto
343 464 437 550 qnod
451 465 611 528 obscuras
628 465 761 550 ungula
768 465 860 546 feeit
875 483 997 548 aquus.

188 569 224 636 T
219 595 254 646 n,
271 571 348 646 dea,
361 576 432 657 pro
449 571 545 634 nobis
550 572 673 654 fontes
677 573 904 655 fontanaque
914 569 1023 656 placa

226 675 406 755 Numino,·
431 684 468 755 tn
485 681 625 761 sparsos
635 682 707 762 per
722 695 840 740 nemus
856 697 954 739 omne
970 676 1061 740 deos.
1185 691 1238 759 760

180 782 260 851 Nec
274 785 439 870 dryadas,
458 801 520 846 nec
536 801 597 846 nos
613 783 791 848 videamus
809 782 910 846 labro
927 782 1084 858 Dionae,
1184 812 1189 824 ¹

226 889 305 957 Nec
319 889 495 965 Faunum,
515 888 625 952 medio
643 909 717 952 cnm
730 889 865 974 premit
880 909 970 952 or‘oa
985 888 1053 952 dio.

181 996 278 1063 Pelle
295 997 427 1085 procul
439 994 593 1061 morbos:
619 995 761 1058 ualeant
780 995 998 1081 hominesque
1009 1015 1220 1082 gregesque,

226 1103 278 1168 Et
292 1105 432 1169 valeant
447 1104 582 1189 vigim,
597 1097 754 1189 provida
770 1101 889 1176 turbo,
907 1121 1021 1164 canes.

180 1209 279 1277 Nove
293 1215 405 1276 monus
421 1212 544 1276 multos
560 1210 717 1296 redigam
735 1226 838 1292 quom
855 1209 1129 1292 monesnernnt‚
1185 1221 1235 1292 765

226 1316 327 1383 Neve
337 1339 475 1405 ganeam
491 1319 648 1404 ressrens
663 1315 796 1380 vellera
814 1320 920 1400 rapta
936 1315 1032 1400 lopo.

181 1423 283 1490 Absit
298 1426 419 1511 iniquo
426 1431 564 1512 fontes:
589 1424 714 1488 herbae
719 1420 941 1505 frondesque
955 1421 1143 1506 supersint,

226 1530 396 1618 „Quaeque
412 1533 529 1596 lavent
545 1540 655 1611 orins,
673 1547 829 1616 quaeque
845 1527 1022 1602 bibantur,
1041 1547 1167 1613 oqnoe.

189 1636 305 1704 Ubera
315 1639 425 1725 pleno
435 1644 596 1726 premam
606 1659 617 1700 .·
643 1640 779 1719 reserat
794 1634 884 1698 mibi
895 1653 1013 1698 cosens
1030 1655 1130 1708 aero,

226 1744 389 1831 Denique
404 1747 497 1808 vinno
513 1745 646 1830 liquido
663 1744 794 1808 uzim‘na
811 1759 900 1806 rora
916 1759 1006 1805 sero.
1184 1765 1238 1822 770

180 1850 354 1937 Lunaque
368 1853 560 1938 proveniat
575 1850 690 1915 nullos
706 1850 846 1915 laesuro
857 1847 1011 1936 puellas,

225 1957 346 2022 Mollis
363 1962 396 2022 ei
410 1957 460 2022 ad
473 1968 610 2023 teneros
627 1957 813 2044 quamlibet
828 1963 914 2042 opta
931 1975 1065 2018 manns·

180 2063 284 2148 ,Quae
293 2071 437 2151 precor,
457 2065 636 2143 eveniant,·
661 2072 694 2128 et
709 2085 769 2127 nos
774 2062 956 2146 sociamus
972 2060 1022 2124 od
1035 2082 1166 2126 annum
1186 2091 1236 2150 775

212 2157 412 2236 'Pastorum
428 2171 587 2235 dominae
597 2170 756 2257 grandia
773 2168 843 2233 liba
859 2168 956 2233 Pali.

183 2276 248 2342 His
264 2278 329 2342 dea
345 2278 516 2364 placanda
534 2289 604 2353 est3
629 2278 717 2342 haec
731 2287 767 2342 tu
784 2293 970 2342 conversus
988 2275 1033 2341 ad
1049 2285 1143 2342 ortus

227 2383 292 2449 Dic
309 2397 439 2471 quater,
457 2396 491 2450 et
505 2384 583 2449 vivo
600 2385 717 2470 perlue
735 2406 811 2449 rore
829 2405 963 2448 manus,

180 2489 272 2554 Tum
288 2491 368 2556 lieet
385 2491 551 2576 adposita,
570 2489 673 2556 veluti
692 2502 834 2566 cratere,
854 2491 1015 2568 camella,

226 2596 300 2662 Lac
317 2598 453 2662 niveum
471 2608 566 2684 potes
582 2618 859 2686 purpureamque
876 2619 1019 2686 sapam
1186 2617 1238 2686 730

181 2704 334 2791 Moxque
352 2727 412 2790 per
428 2706 586 2772 ardentes
603 2706 747 2791 stipulae
764 2705 970 2792 crepitantes
987 2727 1131 2776 acervos

225 2810 382 2876 Traicias
399 2812 502 2878 celeri
519 2823 657 2878 strenua
674 2813 828 2877 membra
845 2815 948 2899 pede.

180 2917 365 3004 Expositus
382 2939 454 2984 mos
471 2929 541 2984 est:
566 2919 670 2984 moris
687 2919 771 2984 mihi
789 2933 894 2987 restat
909 2922 1020 3012 origo.

225 3024 343 3090 Turba
360 3025 440 3092 facit
456 3026 610 3102 dubium,
630 3039 820 3117 coeptaque
839 3043 953 3097 nostra
970 3041 1073 3099 tenet.

180 3130 307 3196 Omnia
323 3114 447 3219 purgat
464 3133 553 3198 edax
570 3133 675 3221 ignis,
695 3137 881 3224 vitiumque
901 3139 1048 3206 metallis
1185 3157 1235 3228 785

225 3237 414 3325 Excoquit:
439 3239 567 3306 idcirco
585 3263 664 3307 cum
683 3245 771 3310 duce
788 3258 913 3334 purgat
929 3245 1025 3312 ovis?

180 3343 251 3419 An,
268 3344 349 3432 quia
366 3357 564 3414 cunctarum
585 3352 755 3418 contraria
773 3353 905 3418 semina
922 3371 1036 3418 rerum

225 3448 314 3516 Sunt
328 3452 396 3517 duo
412 3451 601 3533 discordes,
622 3459 713 3547 ignis
731 3470 764 3526 et
779 3460 886 3534 unda,
905 3459 973 3536 dei,

174 3556 369 3644 Junxerunt
381 3561 553 3630 elementa
571 3577 697 3650 patres,
717 3577 902 3652 aptumque
919 3575 1079 3651 putarunt

225 3664 368 3752 ignibus
383 3681 418 3736 et
434 3690 554 3756 sparsa
570 3683 713 3760 tangere
730 3691 853 3756 corpus
870 3671 983 3758 aqua?
1181 3701 1234 3762 790

176 3769 248 3846 An,
267 3776 360 3859 quod
375 3776 411 3842 in
428 3777 481 3843 his
497 3779 587 3860 vitae
605 3799 709 3844 causa
727 3789 788 3857 est,
806 3779 892 3843 haec
909 3767 1055 3864 perdidit
1070 3779 1182 3858 exsul,

224 3881 290 3949 His
307 3906 397 3951 nova
413 3886 450 3950 fit
466 3885 630 3976 conjunx,
650 3887 737 3951 haec
754 3886 822 3952 duo
840 3907 969 3976 magna
985 3886 1126 3976 putant?
