2752 4350
183 241 236 296 lv.
251 240 325 312 784]
483 222 554 290 The
575 222 767 310 Marrrirge
788 221 959 289 Festziral.
1187 235 1231 310 47
1258 282 1267 298 ,

180 443 274 488 nunc
289 441 424 508 quoque
442 420 579 485 curaliis
596 420 717 484 eadem
734 430 855 484 natura
872 418 1048 496 remansit,
1077 413 1121 502 ,ζμ
1182 446 1233 504 750

181 529 340 595 duritiam
355 537 444 592 tacto
462 527 599 611 capiant
615 537 651 590 ut
668 527 710 590 ab
727 531 819 600 aere,
839 527 998 612 quodque

179 635 295 701 vimen
312 634 346 698 in
364 653 512 720 aequore
531 624 614 706 erat,
634 633 693 696 fiat
709 653 812 718 super
829 652 978 717 aequora
995 653 1132 698 saxum.

226 741 290 807 Dis
305 741 411 806 tribus
428 741 486 804 ille
502 739 597 804 socos
614 739 753 803 totidem
771 739 814 803 de
831 738 958 820 cespite
975 739 1083 823 ponit,

169 847 316 927 ,laevum
334 845 522 921 Mercurio,
542 845 701 910 dextrum
716 843 791 919 tibi,
809 844 933 908 bellica
949 843 1080 932 Virgo;

181 975 241 1018 ara
253 947 348 1040 Jovis
365 947 478 1018 media
495 961 565 1018 est:
592 961 760 1014 mactatur
775 970 882 1014 vacca
900 949 1094 1029 Minervae,
1181 983 1231 1041 755

181 1060 307 1146 alipedi
323 1061 461 1134 vitulus,
480 1071 597 1124 taurus
615 1056 687 1132 tibi,
707 1077 840 1121 summe
857 1056 1010 1122 deorum.

180 1167 333 1253 protinus
349 1166 598 1232 Andromedan
614 1175 648 1229 et
663 1162 746 1228 tanti
764 1162 917 1248 praemia
934 1163 1013 1228 sacti

179 1274 332 1338 indotata
348 1273 447 1359 rapit.
495 1272 636 1337 Taedas
655 1269 881 1358 Hymenaeus
897 1268 1074 1356 Amorque

180 1381 415 1466 praecutiunt3
441 1379 547 1466 largis
564 1365 729 1445 satiantur
745 1376 905 1443 odoribus
922 1376 1034 1464 ignes,

181 1499 338 1573 sertaque
355 1487 550 1572 dependent
565 1486 674 1562 tectis,
694 1497 727 1550 et
742 1484 868 1570 ubique
885 1484 1051 1570 lyraeque
1181 1502 1233 1570 760

180 1595 331 1680 tibiaque
349 1605 381 1659 et
397 1606 530 1669 cantus,
548 1593 653 1658 animi
671 1592 784 1657 felicia
802 1590 882 1656 laeti
1175 1573 1180 1584 ¹

182 1712 398 1788 argumenta,
417 1711 550 1766 sonant.
600 1699 778 1766 Reseratis
796 1719 900 1764 aurea
916 1698 1025 1765 valvis

182 1809 268 1872 atria
284 1818 351 1873 tota
369 1818 497 1893 patent,
517 1808 730 1893 pulchroque
748 1805 912 1872 instructa
929 1817 1052 1892 paratu

181 1913 339 2000 Cepheni
356 1935 514 2000 proceres
531 1914 649 1979 ineunt
666 1913 822 1979 convivia
839 1913 943 2001 regis.

226 2021 413 2108 Postquam
430 2021 539 2106 epulis
556 2020 662 2089 functi
679 2020 838 2109 generosi
857 2042 997 2086 munere
1014 2019 1146 2088 Bacchi
1180 2035 1230 2109 765

154 2212 158 2220 Ι
182 2128 350 2194 diffudere
367 2128 511 2204 anim05,
531 2129 708 2215 cultusque
725 2149 903 2216 genusque
919 2129 1073 2193 locorum

181 2235 315 2322 quaerit
331 2234 519 2322 Lyncides,
539 2256 718 2322 moresque
737 2236 959 2321 animumque
975 2235 1148 2310 virorum3

182 2341 240 2429 qui
259 2341 359 2406 simul
376 2342 523 2417 edocuit,
544 2341 683 2418 ‘Nunc,
704 2342 736 2408 O
752 2342 958 2418 fortissime,'
975 2342 1060 2407 dixit

183 2449 279 2513 ‘fare
296 2471 428 2534 precor,
448 2448 589 2524 Perseu,
608 2460 736 2536 quanta
750 2449 885 2525 virtute,
905 2449 1096 2537 quibusque
1180 2478 1232 2534 770

181 2556 309 2620 artibus
327 2556 505 2620 abstuleris
523 2555 643 2621 crinita
661 2556 866 2622 draconibus
884 2557 969 2622 ora.'

179 2672 296 2727 narrat
311 2660 528 2749 Agenorides
545 2662 660 2750 gelido
678 2665 740 2728 sub
757 2662 896 2728 Atlante
909 2664 1082 2752 jacentem

180 2789 256 2833 esse
273 2769 387 2834 locum
404 2769 533 2834 solidae
550 2780 657 2834 tutum
676 2769 863 2836 munimine
880 2772 994 2849 molis,

180 2875 279 2963 cujus
295 2875 330 2939 in
346 2875 481 2940 introitu
499 2876 657 2963 geminas
674 2877 846 2943 habitasse
864 2900 998 2946 sorores

179 2981 382 3058 Phorcidas,
400 2983 501 3046 unius
518 2981 658 3068 partitas
675 2983 814 3050 luminis
832 3007 954 3051 usum:
1180 3014 1231 3075 775

178 3088 214 3152 id
232 3109 269 3153 se
286 3088 411 3153 sollerti
429 3088 556 3165 furtim,
576 3090 657 3154 dum
676 3091 832 3168 traditur,
852 3104 927 3158 astu

180 3195 354 3280 subposita
371 3197 503 3282 cepisse
520 3217 645 3272 manu3
673 3220 803 3286 perque
821 3201 935 3266 abdita
952 3201 1057 3292 longe

180 3302 348 3389 deviaque
366 3314 398 3368 et
414 3302 507 3368 silvis
525 3305 698 3370 horrentia
716 3328 800 3372 saxa
818 3307 965 3395 fragosis

180 3408 385 3496 Gorgoneas
401 3411 553 3500 tetigisse
572 3414 714 3488 domos3
739 3415 935 3505 passimque
952 3437 1013 3501 per
1030 3436 1132 3503 agros

180 3537 309 3602 perque
325 3516 399 3583 vias
416 3519 542 3586 vidisse
561 3521 737 3585 hominum
756 3520 939 3585 simulacra
957 3521 1175 3608 ferarumque

179 3623 215 3688 in
233 3624 362 3690 silicem
380 3649 424 3692 ex
440 3629 523 3714 ipsis
540 3627 613 3692 visa
631 3647 796 3692 conversa
813 3625 983 3692 Medusa:

179 3753 218 3796 se
235 3742 348 3799 tamen
366 3736 557 3801 horrendae
574 3734 689 3820 clipei,
707 3735 798 3820 quod
815 3735 914 3798 laeva
932 3733 1086 3820 gerebat,

180 3860 260 3904 aere
276 3864 490 3928 repercusso,
509 3842 654 3906 formam
672 3840 848 3926 aspexisse
865 3839 1056 3916 Medusae;

181 3948 332 4038 dumque
349 3949 467 4038 gravis
484 3969 625 4014 somnus
641 3947 868 4032 colubrasque
885 3945 1064 4034 ipsamque
1080 3947 1228 4022 tenebat,
