2790 4356
211 241 257 312 90
511 219 693 286 Philemon
717 219 791 284 aad
810 217 956 285 Baucis.
1121 231 1265 304 [Mssan.

213 419 380 484 candidus
397 417 431 483 in
450 417 561 484 medio
578 416 676 482 savus
694 427 755 481 est.
806 415 919 502 Super
934 413 1052 480 omnia
1067 413 1181 478 vultus

213 547 391 590 accessere
407 525 502 599 boni,
520 545 586 588 nec
602 524 693 587 iners
711 544 908 609 pauperque
925 521 1094 598 voluntas·

258 633 392 697 Interea
409 633 530 696 totiens
549 633 708 694 haustum
725 643 855 694 cratera
873 628 997 713 repleri

214 751 333 823 sponte
350 760 426 812 sua,
445 760 506 821 per
522 759 627 823 seque
644 737 761 800 vident
777 755 994 800 succrescere
1011 734 1104 798 vina·
1214 749 1267 804 680

215 845 343 908 attoniti
361 845 508 910 novitate
526 854 664 929 pavent,
683 843 909 928 manibusque
927 841 1063 925 supinis·

214 951 410 1036 concipiunt
426 950 621 1036 Baucisque
640 970 760 1034 preces
777 949 982 1034 timidusque
999 947 1195 1025 Philemon,

214 1070 247 1122 et
263 1058 398 1122 veniam
417 1058 563 1141 dapibus
580 1057 752 1141 nullisque
769 1055 943 1141 paratibus
960 1064 1068 1118 orant.

258 1163 392 1229 Unicus
409 1185 509 1228 anser
526 1175 610 1237 erat,
630 1163 791 1226 minimae
809 1161 962 1225 custodia
978 1160 1094 1236 villae,
1133 1183 1138 1190 ·

213 1291 315 1356 quem
334 1271 385 1335 dis
402 1270 592 1354 hospitibus
609 1267 737 1333 domini
756 1279 905 1331 mactare
922 1267 1102 1351 parabant.
1214 1285 1275 1354 639

213 1378 271 1441 ille
288 1378 379 1441 celer
395 1397 509 1462 penna
525 1376 640 1440 tardos
658 1386 768 1438 aetate
785 1374 918 1460 fatigat,
1215 1365 1218 1372 ’

214 1484 386 1568 eluditque
403 1483 476 1555 diu,
493 1482 701 1567 tandemque
719 1491 770 1544 est
786 1480 878 1546 visus
895 1479 939 1544 ad
956 1479 1049 1565 ipsos

214 1589 410 1676 confugisse
428 1588 523 1654 deos.
572 1587 698 1673 Superi
715 1599 852 1652 vetuere
869 1587 1006 1651 necari:

165 1737 168 1742 ,
216 1695 302 1760 ‘Di'
318 1717 384 1782 que
403 1707 557 1769 ‘sumus
578 1698 782 1781 meritasque
799 1695 869 1760 luet
886 1694 1011 1759 vicinia
1028 1715 1159 1781 poenas

214 1801 337 1888 impia’
355 1802 534 1875 dixerunt;
562 1801 680 1867 ‘vobis
698 1802 908 1867 immunibus
926 1801 1026 1889 hujus
1212 1818 1265 1890 690

145 1891 148 1898 ‚
214 1931 289 1974 esse
308 1909 388 1974 mali
406 1910 560 1974 dabitur:
587 1909 688 1974 modo
705 1923 817 1974 vestra
835 1909 1013 1995 relinquite
1030 1920 1131 1986 tecta,

215 2037 256 2081 ac
272 2030 404 2082 nostros
421 2017 579 2082 comitate
597 2018 738 2103 gradus,
758 2029 791 2081 et
807 2016 841 2080 in
859 2017 966 2081 ardua
983 2016 1107 2082 montis

213 2121 258 2188 ite
275 2123 401 2189 simul.’
447 2122 573 2188 Parent
591 2125 705 2199 ambo,
723 2123 922 2211 baculisque
940 2123 1042 2189 levati

215 2229 365 2294 nituntur
381 2231 486 2314 longo
503 2230 647 2317 vestigia
664 2251 791 2315 ponere
808 2230 909 2295 clivo.
956 2242 961 2246 ’

258 2336 409 2401 Tantum
429 2338 570 2401 aberant
586 2358 734 2411 summo,
752 2350 918 2423 quantum
935 2338 1042 2403 semel
1059 2337 1107 2403 ire
1124 2337 1249 2426 sagitta
1278 2361 1282 2374 ·

214 2442 319 2508 missa
336 2455 466 2528 potest:
491 2443 619 2508 flexere
636 2445 767 2517 oculos
787 2455 820 2508 et
836 2465 947 2509 mersa
966 2446 1102 2530 palude·

214 2563 327 2614 cetera
345 2549 566 2634 prospiciunt,
586 2560 717 2613 tantum
734 2571 796 2614 sua
812 2561 899 2615 tecta
917 2572 1070 2616 manere.

214 2655 364 2742 dumque
381 2677 422 2720 ea
439 2656 617 2730 mirantur,
635 2656 716 2720 dum
734 2656 860 2721 deflent
876 2657 946 2722 sata
962 2678 1114 2735 suorum,

213 2762 272 2826 illa
289 2779 397 2836 vetus,
417 2762 563 2828 dominis
580 2762 682 2826 etiam
700 2783 781 2827 casa
797 2784 902 2848 parva
920 2765 1054 2830 duobus

213 2869 352 2933 vertitur
368 2867 402 2932 iu
420 2869 606 2953 templum3
631 2869 744 2935 furcas
762 2871 895 2936 subiere
912 2872 1114 2946 columnae;

213 2974 376 3039 stramina
392 2974 593 3050 flavescunt,
613 2988 799 3062 aurataque
815 2987 903 3041 tecta
920 2977 1089 3051 videntur,

214 3082 434 3166 caelataeque
452 3082 555 3155 sores,
575 3083 806 3170 adopertaque
824 3105 993 3150 marmore
1010 3086 1125 3152 tellus.

257 3184 360 3250 Talia
376 3197 445 3250 tum
464 3187 601 3272 placido
617 3187 798 3254 Saturnius
815 3190 920 3255 edidit
935 3212 1015 3256 ore:

215 3302 224 3332 ⁶
240 3291 365 3366 Dicite,
381 3291 471 3379 juste
488 3315 608 3368 senex,
627 3305 660 3357 et
677 3293 802 3359 semina
820 3296 968 3384 conjuge
980 3296 1071 3386 justo

213 3397 333 3485 digna,
351 3398 433 3484 quid
449 3399 595 3482 optetis.’
641 3398 731 3464 Cum
749 3400 903 3468 Baucide
920 3425 1031 3488 pauca
1047 3405 1192 3483 locutus,

209 3504 376 3591 judicium
394 3504 525 3589 superis
542 3505 650 3590 aperit
666 3525 848 3573 commune
864 3508 1067 3577 Philemon:

214 3609 323 3674 ‘Esse
340 3611 548 3686 sacerdotes,
567 3612 777 3698 delubraque
793 3626 906 3680 vestra
921 3617 1008 3682 tueri

213 3715 406 3799 poscimus;
432 3727 465 3781 et
480 3717 642 3802 quoniam
659 3719 846 3786 concordes
863 3722 999 3808 egimus
1016 3745 1137 3802 annos,

214 3819 345 3883 auferat
362 3821 445 3886 hora
463 3822 548 3887 duos
565 3822 699 3896 eadem,
718 3845 782 3888 uec
799 3826 955 3914 conjugis
972 3851 1135 3916 umquam

212 3925 312 3990 busta
328 3947 426 3992 meae
442 3928 592 4003 videam,
610 3949 678 3993 neu
694 3928 759 3992 sim
776 3933 997 4000 tumulandus
1014 3937 1058 4000 ab
1074 3936 1158 4002 illa!
1211 3968 1263 4023 710
