2752 4350
129 244 269 316 IV.163.]
379 237 497 304 Death
522 241 569 324 of
583 240 661 306 both
684 239 741 305 the
753 239 910 348 lovers.
1130 260 1172 328 41

122 443 319 521 quantaque
334 433 448 500 vitarit
463 456 602 502 narrare
620 437 772 523 pericula
789 434 904 522 gestit.
1001 477 1032 534 p„
1126 466 1176 520 130

121 553 226 628 utque
243 540 371 617 locum,
390 551 423 605 et
437 541 510 606 visa
527 543 705 630 cognoscit
720 543 754 606 in
772 543 892 607 arbore
909 542 1068 617 formam,

122 648 172 712 sic
189 647 270 712 sacit
286 647 452 712 incertam
469 649 560 732 pomi
578 650 693 714 color:
719 649 850 722 haeret,
870 669 914 711 an
931 649 1018 712 haec
1035 648 1089 713 sit.

122 755 204 819 dum
222 754 364 829 dubitat,
383 755 608 819 tremebunda
625 755 717 820 videt
734 756 871 840 pulsare
888 766 1065 818 cruentum

122 861 276 925 membra
294 861 418 936 solum,
437 870 594 948 retroque
611 863 735 947 pedem
751 861 839 935 tulit,
857 881 986 947 oraque
1002 861 1095 925 buxo

121 967 304 1052 pallidiora
320 989 460 1055 gerens,
480 967 656 1032 exhorruit
672 967 829 1054 aequoris
847 966 966 1040 instar,
1125 996 1173 1054 133

120 1074 214 1161 quod
230 1074 354 1149 tremit,
373 1073 501 1160 exigua
518 1093 597 1138 cum
615 1095 786 1139 summum
804 1073 981 1160 stringitur
999 1093 1094 1137 aura.

167 1180 239 1246 Sed
257 1192 436 1267 postquam
453 1191 624 1260 remorata
641 1202 721 1245 suos
738 1181 899 1266 cognovit
916 1200 1063 1255 amores,

120 1289 266 1374 percutit
282 1287 443 1375 indignos
461 1287 553 1351 claro
571 1288 738 1372 plangore
755 1287 913 1362 lacertos

120 1406 154 1459 et
170 1395 298 1458 laniata
314 1415 443 1468 comas,
463 1394 690 1480 amplexaque
708 1414 831 1479 corpus
849 1406 1013 1471 amatum,

119 1503 263 1565 vulnera
281 1500 453 1586 supplevit
468 1501 631 1576 lacrimis,
650 1499 837 1588 fletumque
855 1502 966 1566 cruori
1123 1530 1172 1585 140

119 1608 268 1682 miscuit,
287 1618 320 1672 et
336 1608 461 1695 gelidis
478 1608 513 1671 in
529 1608 677 1672 vultibus
694 1609 812 1672 oscula
829 1609 953 1696 figenS,

120 1712 335 1801 ‘Pyramel'
352 1714 511 1779 clamavit
529 1715 627 1801 ‘quis
645 1725 677 1778 te
695 1714 776 1778 mihi
795 1737 896 1780 casus
914 1713 1062 1780 ademit?

118 1820 282 1907 Pyrame,
301 1821 491 1906 responde:
517 1832 574 1884 tua
591 1832 623 1886 te
642 1821 819 1886 carissima
836 1823 969 1887 Thisbe

118 1927 293 1992 nominat:
318 1929 457 2003 exaudi,
475 1929 657 2014 vultusque
674 1929 787 1992 attolle
801 1927 955 2016 jacentes
969 1927 997 1992 l’

164 2035 222 2099 Ad
239 2056 364 2099 nomen
380 2034 531 2100 Thisbes
547 2035 666 2100 oculos
678 2034 750 2122 jam
770 2049 875 2100 morte
893 2047 1054 2122 gravatos
1122 2066 1169 2123 145

116 2141 290 2228 Pyramus
307 2141 427 2216 erexit,
445 2141 588 2227 visaque
605 2143 797 2207 recondidit
812 2141 892 2217 illa3

117 2270 208 2334 quae
224 2258 405 2335 postquam
423 2258 622 2334 vestemque
640 2269 736 2313 suam
755 2249 929 2336 cognovit,
949 2261 981 2315 et
997 2271 1079 2314 ense

116 2355 202 2420 vidit
218 2356 303 2420 ebur
318 2376 480 2430 vacuum,
500 2365 508 2394 ‘
522 2355 602 2419 Tua
618 2366 650 2420 te
668 2355 810 2420 manus'
826 2355 934 2442 inquit
952 2367 1138 2444 ‘amorque

116 2461 278 2548 perdidit,
297 2461 429 2526 rnrenx.
479 2458 541 2526 u‘st
558 2473 590 2526 et
607 2462 690 2526 mihi
705 2462 800 2528 sortis
816 2462 851 2526 in
868 2485 975 2527 unum
1133 2442 1137 2453 '

117 2571 185 2634 hoc
201 2590 338 2644 manus,
356 2579 407 2634 est
423 2579 456 2634 et
472 2589 589 2644 amor;
614 2569 707 2635 dabit
722 2570 778 2635 hic
794 2569 829 2634 in
845 2572 988 2635 vulnera
1004 2569 1106 2636 vires.

115 2697 307 2763 persequar
323 2675 543 2753 exstinctum,
560 2674 686 2763 letique
704 2676 895 2742 miserrima
913 2678 1008 2742 dicar

115 2805 223 2850 causa
240 2804 422 2868 comesque
440 2782 509 2858 tui;
533 2783 659 2869 quique
678 2803 697 2847 a
715 2805 769 2848 me
788 2796 893 2849 morte
909 2782 1028 2849 revelli

114 2892 185 2956 heu
203 2890 276 2954 sola
292 2901 442 2975 poteras,
461 2891 588 2976 poteris
606 2911 670 2956 nec
687 2902 794 2956 morte
811 2891 940 2956 revelli.

114 3000 184 3063 hoc
199 3011 314 3062 tamen
332 2997 511 3062 amborum
527 2998 641 3063 verbis
657 3009 763 3063 estote
780 2998 903 3085 rogati,

114 3105 149 3170 Ο
168 3105 309 3167 multum
328 3103 454 3180 miseri,
474 3125 571 3168 meus
587 3104 746 3190 illiusque
764 3116 937 3190 parentes,

113 3223 153 3276 ut
169 3233 255 3298 quos
273 3223 383 3276 certus
401 3232 509 3286 amor,
527 3233 612 3299 quos
630 3213 713 3275 hora
730 3212 915 3277 novissima
927 3212 1053 3301 junxit,

114 3317 276 3404 componi
294 3318 424 3382 tumulo
441 3339 509 3382 non
525 3317 707 3382 invideatis
724 3321 857 3384 eodem.

115 3436 151 3490 at
166 3436 215 3498 tu,
233 3445 322 3510 quae
339 3424 444 3490 ramis
462 3425 563 3490 arbor
580 3425 774 3490 miserabile
792 3446 916 3511 corpus

114 3552 209 3596 nunc
224 3530 313 3617 tegis
329 3531 443 3606 unius,
463 3553 543 3595 mox
560 3551 597 3596 es
613 3540 742 3596 tectura
759 3533 917 3609 duorum,

114 3640 218 3726 signa
234 3648 312 3702 tene
330 3637 459 3713 caedis,
479 3638 658 3723 pullosque
675 3647 708 3702 et
724 3637 870 3703 luctibus
888 3650 984 3724 aptos
1118 3655 1166 3712 160

114 3766 254 3830 semper
270 3744 359 3808 habe
375 3743 475 3816 fetus,
495 3742 625 3831 gemini
643 3755 861 3808 monumenta
879 3745 1032 3812 cruoris.’

161 3851 271 3925 Dixit,
290 3861 323 3915 et
340 3860 454 3934 aptato
471 3860 590 3934 pectus
607 3869 770 3914 mucrone
787 3851 850 3914 sub
866 3849 973 3914 imum

113 3956 271 4024 incubuit
286 3956 389 4033 ferro,
407 3956 499 4043 quod
515 3956 629 4020 adhuc
647 3977 667 4020 a
684 3956 790 4022 caede
806 3956 954 4041 tepebat.
