<?xml version="1.0" encoding="UTF-8"?>
<!DOCTYPE html PUBLIC "-//W3C//DTD XHTML 1.0 Transitional//EN"
    "http://www.w3.org/TR/xhtml1/DTD/xhtml1-transitional.dtd">
<html xmlns="http://www.w3.org/1999/xhtml" xml:lang="en" lang="en">
 <head>
  <title>
</title>
<meta http-equiv="Content-Type" content="text/html;charset=utf-8" />
  <meta name='ocr-system' content='tesseract 3.04.00' />
  <meta name='ocr-capabilities' content='ocr_page ocr_carea ocr_par ocr_line ocrx_word'/>
</head>
<body>
  <div class='ocr_page' id='page_1' title='image "./poemataquaedame00ovidgoog_0188.png"; bbox 0 0 2790 4356; ppageno 0'>
   <div class='ocr_carea' id='block_1_1' title="bbox 192 261 1241 353">
    <p class='ocr_par' dir='ltr' id='par_1_1' title="bbox 192 261 1241 353">
     <span class='ocr_line' id='line_1_1' title="bbox 192 261 1241 353; baseline -0.006 -20"><span class='ocrx_word' id='word_1_1' title='bbox 192 279 216 334; x_wconf 92' lang='grc' dir='ltr'><strong>Ι.</strong></span> <span class='ocrx_word' id='word_1_2' title='bbox 237 293 263 348; x_wconf 82' lang='lat'><strong>3,</strong></span> <span class='ocrx_word' id='word_1_3' title='bbox 277 280 337 353; x_wconf 91' lang='lat'><strong>92.]</strong></span> <span class='ocrx_word' id='word_1_4' title='bbox 499 262 796 348; x_wconf 77' lang='lat' dir='ltr'><strong>Baniskedsrom</strong></span> <span class='ocrx_word' id='word_1_5' title='bbox 820 261 944 328; x_wconf 82' lang='lat' dir='ltr'><strong>Rome.</strong></span> <span class='ocrx_word' id='word_1_6' title='bbox 1179 274 1241 347; x_wconf 82' lang='lat'><strong>173</strong></span> 
     </span>
    </p>
   </div>
   <div class='ocr_carea' id='block_1_2' title="bbox 116 456 1242 4177">
    <p class='ocr_par' dir='ltr' id='par_1_2' title="bbox 189 456 1242 653">
     <span class='ocr_line' id='line_1_2' title="bbox 189 456 1098 545; baseline 0 -22"><span class='ocrx_word' id='word_1_7' title='bbox 189 456 304 543; x_wconf 87' lang='lat' dir='ltr'>Saepe</span> <span class='ocrx_word' id='word_1_8' title='bbox 321 461 442 525; x_wconf 89' lang='lat' dir='ltr'><strong>eadem</strong></span> <span class='ocrx_word' id='word_1_9' title='bbox 460 461 622 525; x_wconf 91' lang='lat' dir='ltr'><strong>mandata</strong></span> <span class='ocrx_word' id='word_1_10' title='bbox 639 458 731 536; x_wconf 92' lang='lat' dir='ltr'><strong>dedi,</strong></span> <span class='ocrx_word' id='word_1_11' title='bbox 750 479 873 545; x_wconf 91' lang='lat' dir='ltr'><strong>meque</strong></span> <span class='ocrx_word' id='word_1_12' title='bbox 890 458 963 544; x_wconf 94' lang='lat' dir='ltr'><strong>ipse</strong></span> <span class='ocrx_word' id='word_1_13' title='bbox 979 457 1098 536; x_wconf 81' lang='lat' dir='ltr'><strong>fefelli,</strong></span> 
     </span>
     <span class='ocr_line' id='line_1_3' title="bbox 234 564 1242 653; baseline 0.001 -24"><span class='ocrx_word' id='word_1_14' title='bbox 234 564 441 650; x_wconf 87' lang='lat' dir='ltr'>Respiciens</span> <span class='ocrx_word' id='word_1_15' title='bbox 458 566 566 631; x_wconf 90' lang='lat' dir='ltr'><strong>oculis</strong></span> <span class='ocrx_word' id='word_1_16' title='bbox 583 565 729 653; x_wconf 86' lang='lat' dir='ltr'><strong>pignora</strong></span> <span class='ocrx_word' id='word_1_17' title='bbox 746 586 827 630; x_wconf 90' lang='lat' dir='ltr'><strong>cara</strong></span> <span class='ocrx_word' id='word_1_18' title='bbox 844 565 941 630; x_wconf 89' lang='lat' dir='ltr'><strong>meis.</strong></span> <span class='ocrx_word' id='word_1_19' title='bbox 1206 581 1242 638; x_wconf 82' lang='lat'><strong>60</strong></span> 
     </span>
    </p>

    <p class='ocr_par' dir='ltr' id='par_1_3' title="bbox 189 668 1241 760">
     <span class='ocr_line' id='line_1_4' title="bbox 189 668 1241 760; baseline 0.002 -26"><span class='ocrx_word' id='word_1_20' title='bbox 189 668 347 758; x_wconf 91' lang='lat' dir='ltr'><strong>Denique</strong></span> <span class='ocrx_word' id='word_1_21' title='bbox 366 670 487 758; x_wconf 68' lang='lat' dir='ltr'><strong>‘Quid</strong></span> <span class='ocrx_word' id='word_1_22' title='bbox 511 671 679 758; x_wconf 83' lang='lat' dir='ltr'><strong>propero?</strong></span> <span class='ocrx_word' id='word_1_23' title='bbox 703 671 849 759; x_wconf 85' lang='lat' dir='ltr'>Scythia</span> <span class='ocrx_word' id='word_1_24' title='bbox 873 683 935 747; x_wconf 90' lang='lat' dir='ltr'><strong>est,</strong></span> <span class='ocrx_word' id='word_1_25' title='bbox 961 692 1029 760; x_wconf 94' lang='lat' dir='ltr'><strong>quo</strong></span> <span class='ocrx_word' id='word_1_26' title='bbox 1053 671 1241 750; x_wconf 89' lang='lat' dir='ltr'><strong>mittimur‚’</strong></span> 
     </span>
    </p>

    <p class='ocr_par' dir='ltr' id='par_1_4' title="bbox 367 800 530 865">
     <span class='ocr_line' id='line_1_5' title="bbox 367 800 530 865; baseline 0.006 -24"><span class='ocrx_word' id='word_1_27' title='bbox 367 800 530 865; x_wconf 82' lang='lat' dir='ltr'><strong>1nquam3</strong></span> 
     </span>
    </p>

    <p class='ocr_par' dir='ltr' id='par_1_5' title="bbox 235 883 1165 973">
     <span class='ocr_line' id='line_1_6' title="bbox 235 883 1165 973; baseline 0.003 -25"><span class='ocrx_word' id='word_1_28' title='bbox 235 883 374 949; x_wconf 89' lang='lat' dir='ltr'><strong>‘Roma</strong></span> <span class='ocrx_word' id='word_1_29' title='bbox 391 884 615 971; x_wconf 89' lang='lat' dir='ltr'><strong>relinquenda</strong></span> <span class='ocrx_word' id='word_1_30' title='bbox 631 895 702 950; x_wconf 85' lang='lat' dir='ltr'><strong>est:</strong></span> <span class='ocrx_word' id='word_1_31' title='bbox 727 896 871 972; x_wconf 89' lang='lat' dir='ltr'><strong>utraque</strong></span> <span class='ocrx_word' id='word_1_32' title='bbox 883 883 976 973; x_wconf 90' lang='lat' dir='ltr'><strong>justa</strong></span> <span class='ocrx_word' id='word_1_33' title='bbox 991 905 1089 951; x_wconf 87' lang='lat' dir='ltr'><strong>mora</strong></span> <span class='ocrx_word' id='word_1_34' title='bbox 1106 895 1165 952; x_wconf 86' lang='lat' dir='ltr'><strong>est</strong></span> 
     </span>
    </p>

    <p class='ocr_par' dir='ltr' id='par_1_6' title="bbox 188 990 1026 1176">
     <span class='ocr_line' id='line_1_7' title="bbox 188 990 998 1080; baseline -0.001 -23"><span class='ocrx_word' id='word_1_35' title='bbox 188 990 287 1057; x_wconf 88' lang='lat' dir='ltr'><strong>Uxor</strong></span> <span class='ocrx_word' id='word_1_36' title='bbox 303 991 337 1054; x_wconf 90' lang='lat' dir='ltr'><strong>in</strong></span> <span class='ocrx_word' id='word_1_37' title='bbox 354 1003 531 1056; x_wconf 87' lang='lat' dir='ltr'><strong>aeternum</strong></span> <span class='ocrx_word' id='word_1_38' title='bbox 548 991 626 1056; x_wconf 89' lang='lat' dir='ltr'><strong>vivo</strong></span> <span class='ocrx_word' id='word_1_39' title='bbox 644 991 727 1055; x_wconf 91' lang='lat' dir='ltr'><strong>mihi</strong></span> <span class='ocrx_word' id='word_1_40' title='bbox 743 991 822 1057; x_wconf 92' lang='lat' dir='ltr'><strong>viva</strong></span> <span class='ocrx_word' id='word_1_41' title='bbox 838 1003 998 1080; x_wconf 86' lang='lat' dir='ltr'><strong>negatur,</strong></span> 
     </span>
     <span class='ocr_line' id='line_1_8' title="bbox 233 1097 1026 1176; baseline 0.004 -14"><span class='ocrx_word' id='word_1_42' title='bbox 233 1097 277 1162; x_wconf 90' lang='lat' dir='ltr'><strong>Et</strong></span> <span class='ocrx_word' id='word_1_43' title='bbox 293 1097 414 1164; x_wconf 90' lang='lat' dir='ltr'><strong>domus</strong></span> <span class='ocrx_word' id='word_1_44' title='bbox 431 1107 465 1163; x_wconf 90' lang='lat' dir='ltr'><strong>et</strong></span> <span class='ocrx_word' id='word_1_45' title='bbox 480 1098 569 1162; x_wconf 91' lang='lat' dir='ltr'><strong>fidae</strong></span> <span class='ocrx_word' id='word_1_46' title='bbox 586 1097 701 1163; x_wconf 88' lang='lat' dir='ltr'><strong>dulcia</strong></span> <span class='ocrx_word' id='word_1_47' title='bbox 719 1099 872 1163; x_wconf 87' lang='lat' dir='ltr'><strong>membra</strong></span> <span class='ocrx_word' id='word_1_48' title='bbox 890 1098 1026 1176; x_wconf 74' lang='lat' dir='ltr'><strong>domm,</strong></span> 
     </span>
    </p>

    <p class='ocr_par' dir='ltr' id='par_1_7' title="bbox 189 1203 1238 1399">
     <span class='ocr_line' id='line_1_9' title="bbox 189 1203 1238 1295; baseline 0.002 -26"><span class='ocrx_word' id='word_1_49' title='bbox 189 1203 356 1292; x_wconf 78' lang='lat' dir='ltr'><strong>Qrosque</strong></span> <span class='ocrx_word' id='word_1_50' title='bbox 372 1225 438 1291; x_wconf 88' lang='lat' dir='ltr'><strong>ego</strong></span> <span class='ocrx_word' id='word_1_51' title='bbox 456 1203 604 1269; x_wconf 79' lang='lat' dir='ltr'><strong>srattrno</strong></span> <span class='ocrx_word' id='word_1_52' title='bbox 621 1204 725 1269; x_wconf 86' lang='lat' dir='ltr'><strong>dilexi</strong></span> <span class='ocrx_word' id='word_1_53' title='bbox 743 1225 837 1270; x_wconf 90' lang='lat' dir='ltr'><strong>more</strong></span> <span class='ocrx_word' id='word_1_54' title='bbox 854 1206 1004 1283; x_wconf 91' lang='lat' dir='ltr'><strong>sodales,</strong></span> <span class='ocrx_word' id='word_1_55' title='bbox 1205 1222 1238 1295; x_wconf 79' lang='lat'><strong>65</strong></span> 
     </span>
     <span class='ocr_line' id='line_1_10' title="bbox 232 1310 914 1399; baseline 0 -21"><span class='ocrx_word' id='word_1_56' title='bbox 232 1311 266 1378; x_wconf 94' lang='lat' dir='ltr'>O</span> <span class='ocrx_word' id='word_1_57' title='bbox 282 1310 366 1376; x_wconf 93' lang='lat' dir='ltr'><strong>mihi</strong></span> <span class='ocrx_word' id='word_1_58' title='bbox 381 1311 521 1376; x_wconf 87' lang='lat' dir='ltr'><strong>Thesea</strong></span> <span class='ocrx_word' id='word_1_59' title='bbox 537 1323 676 1396; x_wconf 84' lang='lat' dir='ltr'><strong>pectora</strong></span> <span class='ocrx_word' id='word_1_60' title='bbox 689 1311 808 1399; x_wconf 90' lang='lat' dir='ltr'><strong>juncta</strong></span> <span class='ocrx_word' id='word_1_61' title='bbox 825 1311 914 1390; x_wconf 85' lang='lat' dir='ltr'><strong>fidel</strong></span> 
     </span>
    </p>

    <p class='ocr_par' dir='ltr' id='par_1_8' title="bbox 187 1403 1122 1613">
     <span class='ocr_line' id='line_1_11' title="bbox 187 1403 1122 1505; baseline 0.003 -21"><span class='ocrx_word' id='word_1_62' title='bbox 187 1418 280 1484; x_wconf 88' lang='lat' dir='ltr'><strong>Dum</strong></span> <span class='ocrx_word' id='word_1_63' title='bbox 296 1403 389 1496; x_wconf 84' lang='lat' dir='ltr'><strong>licet,</strong></span> <span class='ocrx_word' id='word_1_64' title='bbox 407 1418 616 1505; x_wconf 85' lang='lat' dir='ltr'><strong>amplectar:</strong></span> <span class='ocrx_word' id='word_1_65' title='bbox 641 1439 830 1505; x_wconf 84' lang='lat' dir='ltr'><strong>numquam</strong></span> <span class='ocrx_word' id='word_1_66' title='bbox 847 1418 990 1486; x_wconf 83' lang='lat' dir='ltr'><strong>sortasse</strong></span> <span class='ocrx_word' id='word_1_67' title='bbox 1007 1420 1122 1487; x_wconf 89' lang='lat' dir='ltr'>licebit</span> 
     </span>
     <span class='ocr_line' id='line_1_12' title="bbox 231 1525 1093 1613; baseline 0.002 -22"><span class='ocrx_word' id='word_1_68' title='bbox 231 1525 414 1613; x_wconf 89' lang='lat' dir='ltr'><strong>Amplius:</strong></span> <span class='ocrx_word' id='word_1_69' title='bbox 434 1525 469 1590; x_wconf 92' lang='lat' dir='ltr'><strong>in</strong></span> <span class='ocrx_word' id='word_1_70' title='bbox 486 1526 582 1590; x_wconf 91' lang='lat' dir='ltr'><strong>lucro</strong></span> <span class='ocrx_word' id='word_1_71' title='bbox 598 1536 648 1591; x_wconf 89' lang='lat' dir='ltr'><strong>est</strong></span> <span class='ocrx_word' id='word_1_72' title='bbox 664 1546 753 1613; x_wconf 90' lang='lat' dir='ltr'><strong>quae</strong></span> <span class='ocrx_word' id='word_1_73' title='bbox 770 1527 869 1591; x_wconf 92' lang='lat' dir='ltr'><strong>datur</strong></span> <span class='ocrx_word' id='word_1_74' title='bbox 886 1529 970 1592; x_wconf 88' lang='lat' dir='ltr'><strong>hora</strong></span> <span class='ocrx_word' id='word_1_75' title='bbox 988 1528 1093 1593; x_wconf 68' lang='lat' dir='ltr'><strong>mihi?</strong></span> 
     </span>
    </p>

    <p class='ocr_par' dir='ltr' id='par_1_9' title="bbox 116 1633 1238 1829">
     <span class='ocr_line' id='line_1_13' title="bbox 116 1633 1085 1727; baseline 0 -26"><span class='ocrx_word' id='word_1_76' title='bbox 116 1720 119 1727; x_wconf 27' lang='grc' dir='ltr'>Ι</span> <span class='ocrx_word' id='word_1_77' title='bbox 186 1633 264 1702; x_wconf 93' lang='lat' dir='ltr'><strong>Nec</strong></span> <span class='ocrx_word' id='word_1_78' title='bbox 280 1655 388 1710; x_wconf 91' lang='lat' dir='ltr'><strong>mora,</strong></span> <span class='ocrx_word' id='word_1_79' title='bbox 407 1633 573 1699; x_wconf 90' lang='lat' dir='ltr'><strong>sermonis</strong></span> <span class='ocrx_word' id='word_1_80' title='bbox 589 1634 695 1698; x_wconf 87' lang='lat' dir='ltr'><strong>verba</strong></span> <span class='ocrx_word' id='word_1_81' title='bbox 712 1633 899 1720; x_wconf 87' lang='lat' dir='ltr'><strong>inperfecta</strong></span> <span class='ocrx_word' id='word_1_82' title='bbox 917 1636 1085 1722; x_wconf 90' lang='lat' dir='ltr'><strong>relinqu0‚</strong></span> 
     </span>
     <span class='ocr_line' id='line_1_14' title="bbox 232 1739 1238 1829; baseline -0.001 -20"><span class='ocrx_word' id='word_1_83' title='bbox 232 1741 474 1828; x_wconf 92' lang='lat' dir='ltr'><strong>Complectens</strong></span> <span class='ocrx_word' id='word_1_84' title='bbox 491 1739 606 1806; x_wconf 91' lang='lat' dir='ltr'><strong>animo</strong></span> <span class='ocrx_word' id='word_1_85' title='bbox 623 1740 780 1827; x_wconf 87' lang='lat' dir='ltr'><strong>proxima</strong></span> <span class='ocrx_word' id='word_1_86' title='bbox 797 1743 959 1829; x_wconf 86' lang='lat' dir='ltr'><strong>quaeque</strong></span> <span class='ocrx_word' id='word_1_87' title='bbox 971 1764 1061 1808; x_wconf 91' lang='lat' dir='ltr'><strong>meo.</strong></span> <span class='ocrx_word' id='word_1_88' title='bbox 1204 1773 1238 1829; x_wconf 89' lang='lat'><strong>70</strong></span> 
     </span>
    </p>

    <p class='ocr_par' dir='ltr' id='par_1_10' title="bbox 186 1839 1070 2044">
     <span class='ocr_line' id='line_1_15' title="bbox 186 1839 1070 1937; baseline 0.001 -23"><span class='ocrx_word' id='word_1_89' title='bbox 186 1848 279 1914; x_wconf 90' lang='lat' dir='ltr'><strong>Dum</strong></span> <span class='ocrx_word' id='word_1_90' title='bbox 294 1839 417 1937; x_wconf 88' lang='lat' dir='ltr'><strong>loquor</strong></span> <span class='ocrx_word' id='word_1_91' title='bbox 432 1859 465 1914; x_wconf 90' lang='lat' dir='ltr'><strong>et</strong></span> <span class='ocrx_word' id='word_1_92' title='bbox 480 1847 616 1924; x_wconf 91' lang='lat' dir='ltr'><strong>flemus,</strong></span> <span class='ocrx_word' id='word_1_93' title='bbox 635 1849 731 1914; x_wconf 88' lang='lat' dir='ltr'><strong>caelo</strong></span> <span class='ocrx_word' id='word_1_94' title='bbox 749 1849 971 1915; x_wconf 86' lang='lat' dir='ltr'><strong>nitidissimus</strong></span> <span class='ocrx_word' id='word_1_95' title='bbox 989 1851 1070 1927; x_wconf 92' lang='lat' dir='ltr'><strong>alto,</strong></span> 
     </span>
     <span class='ocr_line' id='line_1_16' title="bbox 231 1937 974 2044; baseline -0.004 -22"><span class='ocrx_word' id='word_1_96' title='bbox 231 1956 338 2022; x_wconf 86' lang='lat' dir='ltr'>Stella</span> <span class='ocrx_word' id='word_1_97' title='bbox 355 1955 471 2044; x_wconf 89' lang='lat' dir='ltr'><strong>gravis</strong></span> <span class='ocrx_word' id='word_1_98' title='bbox 487 1956 598 2032; x_wconf 92' lang='lat' dir='ltr'><strong>nobis,</strong></span> <span class='ocrx_word' id='word_1_99' title='bbox 616 1955 757 2021; x_wconf 89' lang='lat' dir='ltr'><strong>Lucifer</strong></span> <span class='ocrx_word' id='word_1_100' title='bbox 773 1937 974 2022; x_wconf 61' lang='lat' dir='ltr'><strong>ortus’erat:</strong></span> 
     </span>
    </p>

    <p class='ocr_par' dir='ltr' id='par_1_11' title="bbox 186 2062 1223 2256">
     <span class='ocr_line' id='line_1_17' title="bbox 186 2062 1223 2151; baseline 0.001 -23"><span class='ocrx_word' id='word_1_101' title='bbox 186 2062 331 2130; x_wconf 91' lang='lat' dir='ltr'><strong>Dividor</strong></span> <span class='ocrx_word' id='word_1_102' title='bbox 347 2064 441 2129; x_wconf 88' lang='lat' dir='ltr'><strong>haud</strong></span> <span class='ocrx_word' id='word_1_103' title='bbox 457 2063 567 2139; x_wconf 90' lang='lat' dir='ltr'><strong>aliter,</strong></span> <span class='ocrx_word' id='word_1_104' title='bbox 586 2063 734 2150; x_wconf 90' lang='lat' dir='ltr'><strong>quamsi</strong></span> <span class='ocrx_word' id='word_1_105' title='bbox 751 2085 829 2130; x_wconf 90' lang='lat' dir='ltr'><strong>mea</strong></span> <span class='ocrx_word' id='word_1_106' title='bbox 846 2065 1001 2128; x_wconf 90' lang='lat' dir='ltr'><strong>membra</strong></span> <span class='ocrx_word' id='word_1_107' title='bbox 1017 2062 1223 2151; x_wconf 87' lang='lat' dir='ltr'><strong>relinquam,</strong></span> 
     </span>
     <span class='ocr_line' id='line_1_18' title="bbox 231 2169 953 2256; baseline -0.001 -22"><span class='ocrx_word' id='word_1_108' title='bbox 231 2169 275 2235; x_wconf 91' lang='lat' dir='ltr'><strong>Et</strong></span> <span class='ocrx_word' id='word_1_109' title='bbox 290 2191 370 2256; x_wconf 88' lang='lat' dir='ltr'><strong>pars</strong></span> <span class='ocrx_word' id='word_1_110' title='bbox 387 2169 544 2255; x_wconf 88' lang='lat' dir='ltr'><strong>abrumpi</strong></span> <span class='ocrx_word' id='word_1_111' title='bbox 562 2189 704 2256; x_wconf 92' lang='lat' dir='ltr'><strong>corpore</strong></span> <span class='ocrx_word' id='word_1_112' title='bbox 720 2170 795 2236; x_wconf 91' lang='lat' dir='ltr'><strong>visa</strong></span> <span class='ocrx_word' id='word_1_113' title='bbox 812 2191 874 2236; x_wconf 92' lang='lat' dir='ltr'><strong>suo</strong></span> <span class='ocrx_word' id='word_1_114' title='bbox 891 2181 953 2237; x_wconf 90' lang='lat' dir='ltr'><strong>est.</strong></span> 
     </span>
    </p>

    <p class='ocr_par' dir='ltr' id='par_1_12' title="bbox 186 2275 1236 2472">
     <span class='ocr_line' id='line_1_19' title="bbox 186 2275 1236 2366; baseline -0.002 -22"><span class='ocrx_word' id='word_1_115' title='bbox 186 2275 246 2344; x_wconf 88' lang='lat' dir='ltr'><strong>Sic</strong></span> <span class='ocrx_word' id='word_1_116' title='bbox 262 2279 369 2344; x_wconf 87' lang='lat' dir='ltr'><strong>doluit</strong></span> <span class='ocrx_word' id='word_1_117' title='bbox 385 2277 513 2342; x_wconf 87' lang='lat' dir='ltr'><strong>Mettus</strong></span> <span class='ocrx_word' id='word_1_118' title='bbox 530 2288 624 2352; x_wconf 92' lang='lat' dir='ltr'><strong>tunc,</strong></span> <span class='ocrx_word' id='word_1_119' title='bbox 643 2298 722 2342; x_wconf 92' lang='lat' dir='ltr'><strong>cum</strong></span> <span class='ocrx_word' id='word_1_120' title='bbox 740 2277 774 2342; x_wconf 92' lang='lat' dir='ltr'><strong>in</strong></span> <span class='ocrx_word' id='word_1_121' title='bbox 791 2276 962 2343; x_wconf 90' lang='lat' dir='ltr'><strong>contraria</strong></span> <span class='ocrx_word' id='word_1_122' title='bbox 977 2298 1096 2342; x_wconf 86' lang='lat' dir='ltr'><strong>versos</strong></span> <span class='ocrx_word' id='word_1_123' title='bbox 1203 2307 1236 2366; x_wconf 82' lang='lat'><strong>75</strong></span> 
     </span>
     <span class='ocr_line' id='line_1_20' title="bbox 231 2384 855 2472; baseline -0.006 -21"><span class='ocrx_word' id='word_1_124' title='bbox 231 2385 370 2452; x_wconf 87' lang='lat' dir='ltr'><strong>Ultores</strong></span> <span class='ocrx_word' id='word_1_125' title='bbox 385 2384 506 2448; x_wconf 89' lang='lat' dir='ltr'><strong>habuit</strong></span> <span class='ocrx_word' id='word_1_126' title='bbox 520 2384 721 2469; x_wconf 91' lang='lat' dir='ltr'><strong>proditionis</strong></span> <span class='ocrx_word' id='word_1_127' title='bbox 737 2405 855 2472; x_wconf 90' lang='lat' dir='ltr'><strong>equos.</strong></span> 
     </span>
    </p>

    <p class='ocr_par' dir='ltr' id='par_1_13' title="bbox 186 2489 1109 2682">
     <span class='ocr_line' id='line_1_21' title="bbox 186 2489 1109 2578; baseline -0.001 -22"><span class='ocrx_word' id='word_1_128' title='bbox 186 2489 278 2556; x_wconf 91' lang='lat' dir='ltr'><strong>Tum</strong></span> <span class='ocrx_word' id='word_1_129' title='bbox 294 2512 377 2556; x_wconf 90' lang='lat' dir='ltr'><strong>vero</strong></span> <span class='ocrx_word' id='word_1_130' title='bbox 394 2490 543 2556; x_wconf 90' lang='lat' dir='ltr'><strong>exoritur</strong></span> <span class='ocrx_word' id='word_1_131' title='bbox 560 2490 691 2556; x_wconf 88' lang='lat' dir='ltr'><strong>clamor</strong></span> <span class='ocrx_word' id='word_1_132' title='bbox 707 2492 923 2578; x_wconf 86' lang='lat' dir='ltr'><strong>gemitusque</strong></span> <span class='ocrx_word' id='word_1_133' title='bbox 939 2512 1109 2566; x_wconf 89' lang='lat' dir='ltr'><strong>meorum,</strong></span> 
     </span>
     <span class='ocr_line' id='line_1_22' title="bbox 231 2597 998 2682; baseline 0 -20"><span class='ocrx_word' id='word_1_134' title='bbox 231 2597 275 2663; x_wconf 92' lang='lat' dir='ltr'><strong>Et</strong></span> <span class='ocrx_word' id='word_1_135' title='bbox 290 2597 415 2663; x_wconf 81' lang='lat' dir='ltr'><strong>feriunt</strong></span> <span class='ocrx_word' id='word_1_136' title='bbox 431 2608 581 2662; x_wconf 90' lang='lat' dir='ltr'><strong>maestae</strong></span> <span class='ocrx_word' id='word_1_137' title='bbox 598 2609 737 2682; x_wconf 87' lang='lat' dir='ltr'><strong>pectora</strong></span> <span class='ocrx_word' id='word_1_138' title='bbox 752 2599 845 2662; x_wconf 88' lang='lat' dir='ltr'><strong>nuda</strong></span> <span class='ocrx_word' id='word_1_139' title='bbox 862 2619 998 2663; x_wconf 87' lang='lat' dir='ltr'><strong>manus.</strong></span> 
     </span>
    </p>

    <p class='ocr_par' dir='ltr' id='par_1_14' title="bbox 185 2702 1237 2883">
     <span class='ocr_line' id='line_1_23' title="bbox 185 2702 1112 2791; baseline 0.001 -22"><span class='ocrx_word' id='word_1_140' title='bbox 185 2702 278 2770; x_wconf 90' lang='lat' dir='ltr'><strong>Tum</strong></span> <span class='ocrx_word' id='word_1_141' title='bbox 294 2726 376 2770; x_wconf 91' lang='lat' dir='ltr'><strong>vero</strong></span> <span class='ocrx_word' id='word_1_142' title='bbox 392 2704 556 2791; x_wconf 85' lang='lat' dir='ltr'><strong>conjunx,</strong></span> <span class='ocrx_word' id='word_1_143' title='bbox 575 2703 727 2769; x_wconf 90' lang='lat' dir='ltr'><strong>humeris</strong></span> <span class='ocrx_word' id='word_1_144' title='bbox 745 2705 899 2769; x_wconf 92' lang='lat' dir='ltr'><strong>abeuntis</strong></span> <span class='ocrx_word' id='word_1_145' title='bbox 915 2705 1112 2781; x_wconf 63' lang='lat' dir='ltr'><strong>inhaerens</strong></span> 
     </span>
     <span class='ocr_line' id='line_1_24' title="bbox 231 2805 1237 2883; baseline 0.001 -9"><span class='ocrx_word' id='word_1_146' title='bbox 231 2810 372 2876; x_wconf 90' lang='lat' dir='ltr'><strong>Miscuit</strong></span> <span class='ocrx_word' id='word_1_147' title='bbox 386 2810 474 2875; x_wconf 89' lang='lat' dir='ltr'><strong>haec</strong></span> <span class='ocrx_word' id='word_1_148' title='bbox 490 2809 641 2876; x_wconf 87' lang='lat' dir='ltr'><strong>lacrimis</strong></span> <span class='ocrx_word' id='word_1_149' title='bbox 656 2810 763 2876; x_wconf 91' lang='lat' dir='ltr'><strong>tristia</strong></span> <span class='ocrx_word' id='word_1_150' title='bbox 780 2805 869 2876; x_wconf 90' lang='lat' dir='ltr'><strong>dicta</strong></span> <span class='ocrx_word' id='word_1_151' title='bbox 886 2811 979 2877; x_wconf 90' lang='lat' dir='ltr'><strong>suis:</strong></span> <span class='ocrx_word' id='word_1_152' title='bbox 1201 2830 1237 2883; x_wconf 87' lang='lat'><strong>80</strong></span> 
     </span>
    </p>

    <p class='ocr_par' dir='ltr' id='par_1_15' title="bbox 188 2915 1200 3113">
     <span class='ocr_line' id='line_1_25' title="bbox 188 2915 1200 3005; baseline 0.001 -23"><span class='ocrx_word' id='word_1_153' title='bbox 188 2916 293 2983; x_wconf 88' lang='lat' dir='ltr'><strong>‘Non</strong></span> <span class='ocrx_word' id='word_1_154' title='bbox 309 2928 405 3004; x_wconf 91' lang='lat' dir='ltr'><strong>potes</strong></span> <span class='ocrx_word' id='word_1_155' title='bbox 421 2917 545 2983; x_wconf 82' lang='lat' dir='ltr'><strong>avelli:</strong></span> <span class='ocrx_word' id='word_1_156' title='bbox 571 2917 685 2993; x_wconf 91' lang='lat' dir='ltr'><strong>simul,</strong></span> <span class='ocrx_word' id='word_1_157' title='bbox 704 2915 771 2982; x_wconf 84' lang='lat' dir='ltr'><strong>ab!</strong></span> <span class='ocrx_word' id='word_1_158' title='bbox 795 2917 896 2982; x_wconf 88' lang='lat' dir='ltr'><strong>simul</strong></span> <span class='ocrx_word' id='word_1_159' title='bbox 912 2917 1056 2983; x_wconf 90' lang='lat' dir='ltr'><strong>ibimus’</strong></span> <span class='ocrx_word' id='word_1_160' title='bbox 1070 2917 1200 3005; x_wconf 90' lang='lat' dir='ltr'><strong>inquit;</strong></span> 
     </span>
     <span class='ocr_line' id='line_1_26' title="bbox 232 3023 1014 3113; baseline 0 -25"><span class='ocrx_word' id='word_1_161' title='bbox 232 3036 241 3065; x_wconf 91' lang='lat'>‘</span> <span class='ocrx_word' id='word_1_162' title='bbox 256 3024 309 3090; x_wconf 91' lang='lat' dir='ltr'><strong>Te</strong></span> <span class='ocrx_word' id='word_1_163' title='bbox 326 3045 450 3111; x_wconf 90' lang='lat' dir='ltr'><strong>sequar</strong></span> <span class='ocrx_word' id='word_1_164' title='bbox 465 3035 499 3090; x_wconf 89' lang='lat' dir='ltr'><strong>et</strong></span> <span class='ocrx_word' id='word_1_165' title='bbox 513 3023 666 3113; x_wconf 85' lang='lat' dir='ltr'><strong>conjunx</strong></span> <span class='ocrx_word' id='word_1_166' title='bbox 681 3024 811 3090; x_wconf 87' lang='lat' dir='ltr'><strong>exsulis</strong></span> <span class='ocrx_word' id='word_1_167' title='bbox 827 3025 925 3090; x_wconf 86' lang='lat' dir='ltr'><strong>exsul</strong></span> <span class='ocrx_word' id='word_1_168' title='bbox 942 3045 1014 3089; x_wconf 89' lang='lat' dir='ltr'><strong>ero.</strong></span> 
     </span>
    </p>

    <p class='ocr_par' dir='ltr' id='par_1_16' title="bbox 185 3129 1090 3326">
     <span class='ocr_line' id='line_1_27' title="bbox 185 3129 1090 3217; baseline -0.001 -21"><span class='ocrx_word' id='word_1_169' title='bbox 185 3129 230 3196; x_wconf 91' lang='lat' dir='ltr'><strong>Et</strong></span> <span class='ocrx_word' id='word_1_170' title='bbox 246 3131 328 3195; x_wconf 92' lang='lat' dir='ltr'><strong>mihi</strong></span> <span class='ocrx_word' id='word_1_171' title='bbox 345 3132 434 3197; x_wconf 87' lang='lat' dir='ltr'><strong>sacta</strong></span> <span class='ocrx_word' id='word_1_172' title='bbox 450 3131 507 3195; x_wconf 89' lang='lat' dir='ltr'><strong>via</strong></span> <span class='ocrx_word' id='word_1_173' title='bbox 523 3141 586 3207; x_wconf 91' lang='lat' dir='ltr'><strong>est,</strong></span> <span class='ocrx_word' id='word_1_174' title='bbox 605 3142 638 3196; x_wconf 92' lang='lat' dir='ltr'><strong>et</strong></span> <span class='ocrx_word' id='word_1_175' title='bbox 654 3153 708 3196; x_wconf 91' lang='lat' dir='ltr'><strong>me</strong></span> <span class='ocrx_word' id='word_1_176' title='bbox 725 3131 817 3217; x_wconf 92' lang='lat' dir='ltr'><strong>capit</strong></span> <span class='ocrx_word' id='word_1_177' title='bbox 832 3131 951 3197; x_wconf 88' lang='lat' dir='ltr'><strong>ultima</strong></span> <span class='ocrx_word' id='word_1_178' title='bbox 967 3131 1090 3197; x_wconf 75' lang='lat' dir='ltr'><strong>tellus:</strong></span> 
     </span>
     <span class='ocr_line' id='line_1_28' title="bbox 229 3236 962 3326; baseline -0.003 -22"><span class='ocrx_word' id='word_1_179' title='bbox 229 3236 408 3305; x_wconf 90' lang='lat' dir='ltr'><strong>Accedam</strong></span> <span class='ocrx_word' id='word_1_180' title='bbox 425 3237 593 3326; x_wconf 86' lang='lat' dir='ltr'><strong>profugae</strong></span> <span class='ocrx_word' id='word_1_181' title='bbox 610 3238 745 3304; x_wconf 89' lang='lat' dir='ltr'><strong>sarcina</strong></span> <span class='ocrx_word' id='word_1_182' title='bbox 762 3259 868 3324; x_wconf 88' lang='lat' dir='ltr'><strong>parva</strong></span> <span class='ocrx_word' id='word_1_183' title='bbox 884 3239 962 3304; x_wconf 88' lang='lat' dir='ltr'><strong>rati.</strong></span> 
     </span>
    </p>

    <p class='ocr_par' dir='ltr' id='par_1_17' title="bbox 185 3343 1235 3540">
     <span class='ocr_line' id='line_1_29' title="bbox 185 3343 1235 3434; baseline -0.001 -24"><span class='ocrx_word' id='word_1_184' title='bbox 185 3343 239 3411; x_wconf 90' lang='lat' dir='ltr'><strong>Te</strong></span> <span class='ocrx_word' id='word_1_185' title='bbox 251 3346 348 3434; x_wconf 87' lang='lat' dir='ltr'><strong>jubet</strong></span> <span class='ocrx_word' id='word_1_186' title='bbox 364 3367 384 3411; x_wconf 93' lang='lat' dir='ltr'><strong>a</strong></span> <span class='ocrx_word' id='word_1_187' title='bbox 401 3346 510 3432; x_wconf 88' lang='lat' dir='ltr'><strong>patria</strong></span> <span class='ocrx_word' id='word_1_188' title='bbox 527 3345 702 3411; x_wconf 90' lang='lat' dir='ltr'><strong>discedere</strong></span> <span class='ocrx_word' id='word_1_189' title='bbox 719 3344 960 3422; x_wconf 69' lang='lat' dir='ltr'><strong>Caesarisne,</strong></span> <span class='ocrx_word' id='word_1_190' title='bbox 1200 3363 1235 3434; x_wconf 78' lang='lat'><strong>85</strong></span> 
     </span>
     <span class='ocr_line' id='line_1_30' title="bbox 231 3450 1026 3540; baseline 0 -22"><span class='ocrx_word' id='word_1_191' title='bbox 231 3453 291 3519; x_wconf 91' lang='lat' dir='ltr'><strong>Me</strong></span> <span class='ocrx_word' id='word_1_192' title='bbox 308 3453 437 3540; x_wconf 89' lang='lat' dir='ltr'><strong>pietas:</strong></span> <span class='ocrx_word' id='word_1_193' title='bbox 462 3453 571 3539; x_wconf 89' lang='lat' dir='ltr'><strong>pietas</strong></span> <span class='ocrx_word' id='word_1_194' title='bbox 588 3453 676 3518; x_wconf 91' lang='lat' dir='ltr'><strong>haec</strong></span> <span class='ocrx_word' id='word_1_195' title='bbox 691 3452 776 3518; x_wconf 92' lang='lat' dir='ltr'><strong>mihi</strong></span> <span class='ocrx_word' id='word_1_196' title='bbox 791 3452 923 3519; x_wconf 91' lang='lat' dir='ltr'><strong>Caesar</strong></span> <span class='ocrx_word' id='word_1_197' title='bbox 939 3450 1026 3518; x_wconf 88' lang='lat' dir='ltr'><strong>erit.’</strong></span> 
     </span>
    </p>

    <p class='ocr_par' dir='ltr' id='par_1_18' title="bbox 184 3558 955 3754">
     <span class='ocr_line' id='line_1_31' title="bbox 184 3558 955 3647; baseline 0 -22"><span class='ocrx_word' id='word_1_198' title='bbox 184 3558 287 3625; x_wconf 82' lang='lat' dir='ltr'><strong>Talia</strong></span> <span class='ocrx_word' id='word_1_199' title='bbox 303 3561 502 3647; x_wconf 89' lang='lat' dir='ltr'><strong>temptabat,</strong></span> <span class='ocrx_word' id='word_1_200' title='bbox 521 3560 608 3626; x_wconf 93' lang='lat' dir='ltr'><strong>sicut</strong></span> <span class='ocrx_word' id='word_1_201' title='bbox 622 3571 847 3645; x_wconf 86' lang='lat' dir='ltr'><strong>temptaverat</strong></span> <span class='ocrx_word' id='word_1_202' title='bbox 864 3571 955 3636; x_wconf 90' lang='lat' dir='ltr'><strong>ante,</strong></span> 
     </span>
     <span class='ocr_line' id='line_1_32' title="bbox 229 3666 909 3754; baseline -0.003 -22"><span class='ocrx_word' id='word_1_203' title='bbox 229 3666 367 3754; x_wconf 85' lang='lat' dir='ltr'><strong>Vixque</strong></span> <span class='ocrx_word' id='word_1_204' title='bbox 384 3668 477 3734; x_wconf 90' lang='lat' dir='ltr'><strong>dedit</strong></span> <span class='ocrx_word' id='word_1_205' title='bbox 492 3666 599 3733; x_wconf 89' lang='lat' dir='ltr'><strong>victas</strong></span> <span class='ocrx_word' id='word_1_206' title='bbox 615 3667 757 3732; x_wconf 90' lang='lat' dir='ltr'><strong>utilitate</strong></span> <span class='ocrx_word' id='word_1_207' title='bbox 775 3687 909 3732; x_wconf 90' lang='lat' dir='ltr'><strong>manus.</strong></span> 
     </span>
    </p>

    <p class='ocr_par' dir='ltr' id='par_1_19' title="bbox 185 3772 1234 3970">
     <span class='ocr_line' id='line_1_33' title="bbox 185 3772 1036 3862; baseline -0.001 -21"><span class='ocrx_word' id='word_1_208' title='bbox 185 3773 368 3862; x_wconf 83' lang='lat' dir='ltr'><strong>Egredior‚</strong></span> <span class='ocrx_word' id='word_1_209' title='bbox 381 3775 510 3841; x_wconf 89' lang='lat' dir='ltr'><strong>-sive</strong></span> <span class='ocrx_word' id='word_1_210' title='bbox 526 3774 610 3839; x_wconf 94' lang='lat' dir='ltr'><strong>illud</strong></span> <span class='ocrx_word' id='word_1_211' title='bbox 628 3785 701 3839; x_wconf 89' lang='lat' dir='ltr'><strong>erat</strong></span> <span class='ocrx_word' id='word_1_212' title='bbox 717 3773 790 3838; x_wconf 89' lang='lat' dir='ltr'><strong>siue</strong></span> <span class='ocrx_word' id='word_1_213' title='bbox 807 3774 926 3839; x_wconf 87' lang='lat' dir='ltr'><strong>sunere</strong></span> <span class='ocrx_word' id='word_1_214' title='bbox 944 3772 1036 3852; x_wconf 82' lang='lat' dir='ltr'><strong>ferri,</strong></span> 
     </span>
     <span class='ocr_line' id='line_1_34' title="bbox 230 3880 1234 3970; baseline 0 -24"><span class='ocrx_word' id='word_1_215' title='bbox 230 3881 416 3968; x_wconf 86' lang='lat' dir='ltr'><strong>Squalidus</strong></span> <span class='ocrx_word' id='word_1_216' title='bbox 433 3880 582 3946; x_wconf 92' lang='lat' dir='ltr'><strong>inmissis</strong></span> <span class='ocrx_word' id='word_1_217' title='bbox 599 3880 687 3944; x_wconf 88' lang='lat' dir='ltr'><strong>hirta</strong></span> <span class='ocrx_word' id='word_1_218' title='bbox 703 3901 766 3966; x_wconf 91' lang='lat' dir='ltr'><strong>per</strong></span> <span class='ocrx_word' id='word_1_219' title='bbox 781 3901 840 3945; x_wconf 93' lang='lat' dir='ltr'><strong>ora</strong></span> <span class='ocrx_word' id='word_1_220' title='bbox 859 3881 976 3946; x_wconf 88' lang='lat' dir='ltr'><strong>comis.</strong></span> <span class='ocrx_word' id='word_1_221' title='bbox 1198 3915 1234 3970; x_wconf 88' lang='lat'><strong>90</strong></span> 
     </span>
    </p>

    <p class='ocr_par' dir='ltr' id='par_1_20' title="bbox 184 3986 998 4177">
     <span class='ocr_line' id='line_1_35' title="bbox 184 3986 998 4054; baseline 0 -1"><span class='ocrx_word' id='word_1_222' title='bbox 184 3987 248 4052; x_wconf 92' lang='lat' dir='ltr'><strong>Illa</strong></span> <span class='ocrx_word' id='word_1_223' title='bbox 265 3989 381 4053; x_wconf 89' lang='lat' dir='ltr'><strong>dolore</strong></span> <span class='ocrx_word' id='word_1_224' title='bbox 399 4008 518 4051; x_wconf 90' lang='lat' dir='ltr'><strong>amens</strong></span> <span class='ocrx_word' id='word_1_225' title='bbox 534 3986 682 4051; x_wconf 88' lang='lat' dir='ltr'><strong>tenebris</strong></span> <span class='ocrx_word' id='word_1_226' title='bbox 699 3999 855 4050; x_wconf 88' lang='lat' dir='ltr'><strong>narratur</strong></span> <span class='ocrx_word' id='word_1_227' title='bbox 871 3989 998 4054; x_wconf 91' lang='lat' dir='ltr'><strong>obortis</strong></span> 
     </span>
     <span class='ocr_line' id='line_1_36' title="bbox 229 4090 957 4177; baseline -0.003 -18"><span class='ocrx_word' id='word_1_228' title='bbox 229 4091 449 4159; x_wconf 89' lang='lat' dir='ltr'><strong>Semianimis</strong></span> <span class='ocrx_word' id='word_1_229' title='bbox 465 4090 578 4154; x_wconf 90' lang='lat' dir='ltr'><strong>media</strong></span> <span class='ocrx_word' id='word_1_230' title='bbox 595 4090 817 4177; x_wconf 90' lang='lat' dir='ltr'><strong>procubuisse</strong></span> <span class='ocrx_word' id='word_1_231' title='bbox 835 4091 957 4167; x_wconf 89' lang='lat' dir='ltr'><strong>domo;</strong></span> 
     </span>
    </p>
   </div>
   <div class='ocr_carea' id='block_1_3' title="bbox 0 0 1400 4356">
    <p class='ocr_par' dir='ltr' id='par_1_21' title="bbox 0 0 1400 4356">
     <span class='ocr_line' id='line_1_37' title="bbox 0 0 1400 4356; baseline 0 1"><span class='ocrx_word' id='word_1_232' title='bbox 0 0 1400 4356; x_wconf 95' lang='lat' dir='ltr'><strong> </strong></span> 
     </span>
    </p>
   </div>
  </div>
 </body>
</html>
