2790 4356
190 173 235 266 96
477 184 548 241 Tite
570 174 690 241 Deatk
712 178 760 261 os
772 176 957 242 Hercules.
1098 193 1239 265 [Manu.

190 373 223 440 Ο
240 372 376 461 superi3
399 383 536 462 totoque
552 373 663 439 libens
680 373 763 438 mihi
782 385 918 459 pectore
935 385 1065 462 grator,

189 483 281 569 quod
298 481 459 546 memoris
476 481 593 567 populi
610 481 706 546 dicor
722 493 900 569 rectorque
917 493 1096 568 paterque,
1189 512 1238 568 ²45

190 601 224 653 et
240 608 317 653 mea
333 589 516 675 progenies
532 600 644 653 vestro
660 609 797 674 quoque
811 599 883 653 tuta
899 588 1017 654 favore
1033 601 1097 654 est.

190 716 271 760 nam
287 716 497 782 quamquam
513 694 621 780 ipsius
638 695 738 759 datur
754 695 820 760 hoc
837 695 1044 761 immanibus
1060 695 1159 774 actis,

189 801 326 889 obligor
340 801 414 889 ipse
430 813 559 867 tamen.
607 801 680 867 Sed
696 802 800 879 enim,
819 824 863 868 ne
880 814 1019 889 pectora
1034 824 1125 886 vano

65 929 71 940 ¹
189 908 259 973 fida
276 920 367 974 metu
384 920 545 995 paveant,
563 907 712 974 Oetaeas
728 910 878 995 spernite
894 909 1066 976 flammas.

189 1015 305 1080 omnia
321 1015 378 1103 qui
395 1015 487 1092 vicit,
505 1015 631 1092 vincet,
649 1037 734 1104 quos
751 1017 902 1092 cernitis,
920 1017 1040 1105 ignes3
1144 1048 1147 1056 ·
1187 1047 1241 1104 250

189 1144 255 1189 nec
272 1122 337 1189 nisi
354 1134 508 1189 materna
523 1124 708 1188 vulcanum
726 1137 822 1211 parte
838 1136 1009 1210 potentem

190 1229 325 1296 sentiet.
372 1228 562 1296 Aeternum
578 1242 631 1296 est
647 1251 667 1294 a
683 1232 845 1319 mequod
863 1231 975 1306 traxit,
995 1243 1029 1296 et
1045 1253 1169 1317 expers

189 1348 292 1424 atque
307 1335 460 1403 immune
476 1337 584 1411 necis,
602 1338 766 1425 nullaque
783 1337 955 1405 domabile
971 1339 1134 1404 flamma:

189 1443 292 1530 idque
309 1463 376 1531 ego
392 1443 590 1509 defunctum
607 1454 696 1509 terra
712 1444 916 1511 caelestibus
932 1445 1001 1511 oris

190 1549 372 1635 accipiam,
390 1550 589 1638 cunctisque
606 1573 722 1617 meum
737 1552 898 1618 laetabile
914 1552 1042 1618 factum
1188 1582 1239 1640 255

189 1656 242 1722 dis
258 1656 330 1722 fore
346 1657 494 1722 confido.
542 1656 660 1744 Siquis
675 1669 790 1727 tamen
809 1658 974 1734 Hercule,
992 1660 1099 1746 siquis

188 1764 274 1830 sorte
290 1763 356 1829 deo
371 1764 537 1830 doliturus
554 1765 628 1842 erit,
647 1766 727 1831 data
744 1767 898 1852 praemia
915 1765 1028 1831 nolet:

188 1872 249 1938 sed
267 1871 432 1937 meruisse
447 1871 521 1937 dari
538 1870 634 1948 sciet,
652 1872 845 1960 invitusque
861 1871 1043 1959 probabit.’

232 1976 424 2045 Assensere
441 1978 517 2054 dei;
542 1979 693 2068 conjunx
708 2001 845 2066 quoque
861 1980 958 2068 regia
974 1979 1048 2046 visa
1064 1990 1116 2046 est

188 2098 302 2152 cetera
318 2107 387 2151 non
403 2085 501 2162 duro,
519 2086 606 2152 duro
622 2097 737 2151 tamen
753 2086 873 2152 ultima
889 2088 984 2152 vultu
1187 2104 1239 2161 260

188 2189 279 2254 dicta
295 2189 412 2254 tulisse
423 2188 533 2276 Jovis,
551 2210 656 2275 seque
673 2188 860 2254 indoluisse
877 2201 1040 2255 notatam.

234 2296 367 2361 Interea
384 2295 623 2382 quodcumque
640 2295 702 2361 luit
717 2281 916 2382 populabile
931 2296 1105 2374 flammae,

187 2402 361 2468 Mulciber
378 2403 582 2478 abstulerat3
608 2423 673 2468 nec
689 2403 932 2491 cognoscenda
949 2405 1113 2470 remansit

189 2509 351 2575 Herculis
367 2509 512 2598 effigies,
531 2511 796 2598 necquicquam
813 2510 857 2604 ab
873 2509 1026 2598 imagine
1042 2512 1183 2577 ductum

188 2617 305 2683 matris
321 2617 437 2693 habet,
455 2621 654 2704 tantumque
666 2617 763 2705 Jovis
779 2617 925 2706 vestigia
939 2628 1064 2683 servat.
1185 2634 1236 2705 265

186 2736 290 2812 utque
307 2731 416 2790 novus
432 2744 574 2810 serpens
591 2725 700 2810 posita
717 2747 795 2790 cum
812 2725 903 2811 pelle
919 2736 1057 2790 senecta

186 2832 361 2898 luxuriare
377 2833 475 2916 solet,
494 2853 705 2919 squamaque
721 2833 831 2898 virere
847 2832 975 2898 recenti
988 2835 1015 2896 τ’

187 2921 238 3004 sic
254 2939 312 3005 ubi
329 2940 489 3005 mortales
504 2939 708 3026 Tirynthius
724 2938 818 3005 exuit
834 2950 939 3015 artus,

186 3057 283 3132 parte
300 3045 351 3111 sui
369 3046 508 3111 meliore
524 3045 629 3133 viget,
647 3045 822 3135 majorque
837 3045 946 3112 videri

187 3152 311 3237 coepit,
330 3161 363 3217 et
378 3163 525 3240 augusta
542 3151 615 3217 fieri
632 3152 800 3240 gravitate
813 3153 995 3220 verendus.
1186 3183 1238 3239 270

186 3279 290 3345 quem
307 3269 404 3344 pater
419 3258 634 3344 omnipotens
649 3259 737 3324 inter
753 3279 839 3324 cava
855 3260 972 3326 nubila
988 3271 1124 3349 raptum

187 3364 393 3455 quadrijugo
410 3385 512 3432 curru
528 3364 739 3434 radiantibus
754 3364 993 3433 intulitasffis.
