2752 4350
180 171 222 218 10
342 171 367 215 1.
409 149 480 216 The
508 149 672 216 Creatzbn
696 149 771 215 and
790 149 846 215 the
868 147 994 214 Flood.
1082 167 1230 238 [Mareu.

177 348 267 414 filius
285 358 362 412 ante
379 347 468 412 diem
486 345 612 433 patrios
628 345 768 433 inquirit
782 345 817 411 in
835 367 956 412 annos.

177 457 265 520 victa
280 455 371 542 jacet
387 456 514 538 pietas3
540 465 574 517 et
590 452 688 540 virgo
704 453 811 517 caede
829 453 1020 530 madenteS,

177 563 295 626 ultima
314 562 512 634 caelestum,
531 570 638 624 terras
656 558 802 624 Astraea
813 551 967 644 reliquit.

177 692 264 733 neve
281 668 366 733 soret
382 667 480 732 terris
496 667 648 731 securior
665 666 792 730 arduus
810 667 940 741 aether,

127 789 130 796 '
178 775 357 840 affectasse
374 774 486 838 serunt
502 795 647 860 regnum
665 773 812 838 caeleste
830 771 1015 861 Gigantas,

178 885 313 968 altaque
331 891 512 966 congestos
529 879 693 944 struxisse
710 879 755 944 ad
772 879 884 966 sidera
902 893 1047 947 montes·

221 989 314 1052 Turn
332 999 428 1073 pater
443 985 658 1069 omnipotens
676 985 780 1050 misso
797 986 962 1075 perfregit
979 987 1167 1076 Olympum

178 1094 333 1168 fulmine,
352 1105 384 1158 et
401 1093 552 1157 excussit
568 1091 721 1179 subjecto
738 1091 860 1158 Pelion
878 1093 999 1160 Ossae.
1181 1125 1230 1182 155

178 1202 297 1266 obruta
316 1201 404 1265 mole
421 1221 482 1264 sua
499 1220 578 1264 curn
595 1219 739 1284 corpora
756 1201 829 1264 dira
843 1201 1009 1288 jacerent,

178 1307 351 1394 perfusam
371 1306 475 1370 multo
491 1317 649 1370 natorum
665 1307 835 1394 sanguine
853 1308 998 1372 Terram

177 1414 387 1478 inmaduisse
404 1412 516 1477 serunt
532 1412 750 1500 calidumque
768 1413 939 1480 animasse
956 1436 1124 1493 cruorem,

178 1533 223 1596 et,
242 1543 285 1585 ne
303 1521 396 1584 nulla
414 1541 496 1584 suae
512 1519 626 1604 stirpis
644 1533 1071 1598 monumentamanerent,

177 1628 213 1693 in
231 1627 354 1691 faciem
370 1626 511 1690 vertisse
529 1627 727 1702 hominum3
753 1629 813 1693 sed
831 1641 863 1693 et
878 1629 937 1693 illa
955 1651 1111 1717 propago
1180 1645 1230 1702 160

178 1732 405 1818 contemptrix
421 1755 583 1818 superum
601 1755 793 1820 saevaeque
811 1735 1008 1801 avidissima
1026 1737 1142 1802 caedis

178 1854 211 1908 et
227 1841 375 1905 violenta
392 1840 473 1915 luit3
500 1841 606 1906 scires
623 1862 642 1905 e
659 1842 828 1928 sanguine
845 1856 955 1908 natos.
1000 1865 1006 1874 ·

224 1947 326 2036 Quae
344 1959 440 2034 pater
456 1958 492 2013 ut
508 1968 642 2012 summa
658 1948 742 2012 vidit
757 1947 938 2014 Saturnius
956 1971 1048 2027 arce,

177 2055 342 2143 ingemit;
367 2041 411 2128 et,
431 2054 523 2119 sacto
537 2055 688 2118 nondum
706 2055 847 2140 vulgata
864 2057 1004 2132 recenti,

178 2164 279 2228 soeda
296 2161 497 2248 Lycaoniae
516 2161 667 2225 reserens
684 2161 840 2225 convivia
857 2183 1012 2239 mensae,

178 2271 335 2358 ingentes
352 2269 467 2334 animo
483 2279 517 2332 et
532 2268 656 2355 dignas
668 2267 755 2354 Jove
771 2267 920 2351 concipit
935 2269 1016 2344 iras,

179 2377 430 2462 conciliumque
448 2385 567 2448 vocat3
592 2374 700 2438 tenuit
717 2395 812 2439 mora
822 2375 923 2440 nulla
940 2386 1100 2452 vocatos,

179 2495 230 2549 est
244 2483 300 2547 via
318 2481 486 2555 sublimis,
506 2481 603 2546 caelo
621 2481 799 2546 manifesta
817 2503 959 2548 sereno:

177 2589 310 2656 Lactea
327 2597 452 2654 nomen
470 2588 585 2661 habet,
607 2588 756 2652 candore
773 2588 931 2654 notabilis
948 2589 1035 2674 ipso.

179 2698 245 2761 hac
262 2695 324 2760 iter
340 2707 390 2761 est
406 2695 539 2779 superis
556 2696 599 2760 ad
617 2694 735 2782 magni
752 2705 840 2760 tecta
856 2695 1024 2762 Tonantis

178 2803 401 2890 regalemque
418 2802 579 2877 domum;
605 2802 725 2867 dextra
742 2801 910 2889 laevaque
926 2803 1070 2869 deorum

179 2910 264 2974 atria
281 2909 444 2974 nobilium
462 2909 572 2974 valvis
588 2908 803 2974 celebrantur
820 2908 957 2993 apertis.

179 3017 276 3102 plebs
293 3016 423 3080 habitat
438 3016 574 3081 diversa
590 3017 695 3090 locis;
722 3036 741 3079 a
758 3015 867 3080 fronte
884 3026 1038 3101 potentes

179 3123 365 3188 caelicolae
383 3123 533 3209 clarique
550 3144 630 3188 suos
647 3143 793 3209 posuere
810 3135 964 3209 penates.

180 3230 236 3294 hic
252 3231 347 3294 locus
364 3239 427 3303 est,
444 3249 561 3315 quem,
580 3228 608 3293 si
624 3229 739 3294 verbis
756 3229 901 3296 audacia
917 3231 1028 3307 detur,

179 3337 272 3401 haud
289 3335 427 3401 timeam
444 3335 563 3422 magni
580 3335 707 3401 dixisse
724 3336 868 3401 Palatia
886 3336 987 3402 caeli.

224 3442 319 3530 Ergo
335 3441 393 3506 ubi
411 3462 602 3508 marmoreo
618 3442 731 3528 superi
748 3444 868 3508 sedere
884 3465 1037 3522 recessu,

180 3549 303 3614 celsior
317 3548 391 3633 ipse
408 3548 484 3614 loco
501 3560 703 3635 sceptroque
720 3549 856 3616 innixus
874 3551 1004 3618 eburno

179 3655 362 3720 terrificam
378 3653 499 3739 capitis
516 3655 689 3720 concussit
704 3665 822 3742 terque
839 3670 1027 3746 quaterque

180 3760 382 3833 caesariem,
401 3780 479 3824 cum
495 3781 564 3846 qna
580 3772 718 3835 terram,
738 3783 845 3838 mare,
865 3763 977 3829 sidera
995 3765 1111 3832 movit.

180 3868 305 3934 talibus
321 3866 401 3932 inde
419 3866 529 3932 modis
544 3887 605 3933 ora
620 3866 836 3955 indignantia
853 3869 974 3936 solvit:
