2752 4350
184 215 228 300 ⁷8
468 213 541 280 aaa
561 212 687 300 Fuga
710 213 953 299 qfnaeaans.
1088 233 1234 304 [Mena.

184 411 285 478 altius
301 410 373 500 egit
388 411 464 476 iter.
512 402 643 496 Rapidi
660 411 787 475 vicinia
803 411 885 476 solis
1183 441 1234 498 ²²5

183 519 293 582 mollit
307 520 481 592 odoratas,
499 539 691 603 pennarum
707 517 858 591 nucula,
877 538 987 583 ceras.

182 626 363 689 tabuerant
378 646 500 688 cerae:
525 624 636 688 nudos
651 625 760 709 quatit
775 624 833 688 ille
848 624 1009 699 lacertos,

182 731 398 816 remigioque
413 751 537 794 carens
552 752 621 794 non
638 731 727 794 ullas
743 730 887 814 percipit
903 751 1015 795 auras.

183 858 313 929 oraque
329 838 489 902 caerulea
506 837 654 922 patrium
671 837 854 900 clamantia
870 859 996 901 nomen

183 945 400 1030 excipiuntur
416 964 519 1030 aqua,
537 964 626 1029 quae
642 965 767 1008 nomen
783 943 886 1007 traxit
902 944 946 1007 ab
962 943 1033 1009 illo.
1182 975 1233 1029 ²30

184 1065 218 1116 at
234 1064 330 1137 pater
344 1051 479 1124 infelix,
496 1071 562 1114 nec
574 1050 646 1138 jam
663 1063 773 1136 pater,
792 1050 938 1124 ‘lcare‚‘
953 1050 1051 1126 dixit,

183 1158 330 1232 ‘Icare,’
347 1157 460 1227 dixitf
472 1156 530 1220 ubi
548 1155 607 1221 es?
630 1177 698 1242 qua
715 1169 748 1220 te
764 1157 906 1243 regione
922 1155 1135 1244 requiram?'

183 1264 324 1329 ‘lcare’
341 1265 488 1338 dicebat,
505 1283 637 1348 pennas
654 1263 789 1348 aspexit
804 1265 839 1326 in
854 1265 977 1328 undis:

182 1371 386 1456 devovitque
402 1391 483 1434 suas
501 1381 604 1443 artes,
621 1390 813 1456 corpusque
830 1371 1013 1455 sepulchro

181 1478 346 1551 condidit,
364 1488 398 1541 et
412 1477 512 1540 tellus
529 1497 549 1540 a
566 1476 705 1540 nornine
721 1476 811 1540 dicta
828 1477 966 1561 sepulti.
1180 1507 1231 1565 235

228 1584 333 1648 Hunc
350 1584 464 1647 miseri
481 1584 612 1649 tumulo
628 1595 812 1668 ponentem
830 1605 973 1668 corpora
990 1585 1060 1649 nati

181 1691 322 1779 garrula
338 1691 459 1754 limoso
475 1691 651 1774 prospexit
667 1691 711 1753 ab
727 1690 814 1755 elice
829 1692 966 1776 perdix,

180 1811 214 1862 et
230 1796 355 1883 plausit
371 1796 506 1882 pennis,
525 1808 713 1883 testataque
729 1798 858 1884 gaudia
875 1808 977 1862 cantu
994 1809 1066 1862 est:

180 1905 284 1970 unica
300 1914 381 1968 tunc
398 1903 559 1978 volucris,
577 1925 642 1967 nec
658 1904 731 1968 visa
748 1905 917 1988 prioribus
934 1905 1045 1980 annis

181 2011 338 2097 factaque
356 2032 465 2095 nuper
482 2011 568 2085 avis,
583 2012 726 2097 longum
743 2011 815 2086 tibi,
831 2010 1000 2086 Daedale,
1018 2011 1159 2076 crimen.
1179 2043 1231 2095 240

181 2139 330 2204 namque
348 2118 427 2181 huic
443 2116 640 2192 tradiderat,
660 2117 805 2181 satorum
823 2118 957 2205 ignara,
976 2118 1167 2185 docendam

181 2223 383 2310 progeniem
401 2242 568 2308 germana
586 2243 696 2296 suam,
716 2222 885 2286 natalibus
903 2222 987 2287 actis

180 2330 233 2394 bis
250 2351 394 2415 puerum
412 2327 515 2402 senis,
535 2329 639 2391 animi
658 2328 702 2392 ad
719 2340 902 2413 praecepta
919 2329 1069 2414 capacis·

181 2437 238 2500 ille
255 2436 357 2499 etiam
375 2435 487 2498 medio
504 2434 621 2518 spinas
637 2434 671 2498 in
689 2436 783 2519 pisce
799 2447 932 2500 notatas

180 2543 282 2606 traxit
297 2542 333 2605 in
350 2541 560 2625 exemplum,
580 2541 736 2627 ferroque
753 2542 871 2607 incidit
888 2553 988 2608 acuto
1178 2571 1229 2629 ²45

181 2661 363 2735 perpetuos
380 2648 511 2722 dentes
531 2659 564 2712 et
580 2668 694 2712 serrae
711 2648 860 2733 repperit
877 2670 999 2723 usum;

181 2757 311 2842 primus
328 2766 360 2820 et
373 2742 421 2818 'ex
437 2776 506 2820 uno
524 2755 591 2820 duo
609 2755 719 2818 ferrea
736 2755 898 2819 bracchia
916 2755 1007 2820 nodo

180 2864 301 2940 vinxit,
319 2875 356 2928 ut
373 2864 507 2951 aequali
526 2864 636 2950 spatio
654 2863 855 2929 distantibus
872 2863 939 2927 illis

180 2972 287 3035 altera
305 2993 383 3056 pars
401 2982 516 3045 staret,
536 2992 616 3056 pars
633 2972 739 3035 altera
757 2971 896 3036 duceret
911 2970 1042 3034 orbem.

181 3076 359 3143 Daedalus
376 3079 507 3152 invidit,
528 3099 694 3164 sacraque
711 3099 754 3141 ex
772 3099 851 3142 arce
869 3076 1049 3142 Minervae
1178 3105 1231 3163 250

181 3183 401 3278 praecipitem
420 3183 521 3258 misit,
541 3185 675 3268 lapsum
693 3185 871 3257 mentitus3
897 3183 1043 3247 atilium

180 3310 269 3374 quae
287 3288 377 3353 favet
392 3289 554 3376 ingeniis,
575 3289 710 3374 excepit
725 3289 855 3365 Panas,
875 3308 1042 3376 avemque

180 3395 339 3470 reddidit,
358 3406 391 3460 et
408 3397 520 3461 medio
537 3397 662 3460 velavit
677 3396 712 3460 in
730 3402 810 3461 aere
828 3396 962 3481 pennis.

181 3503 241 3567 sed
259 3503 357 3590 vigor
372 3502 504 3590 ingenii
520 3503 693 3589 quondam
711 3503 840 3567 velocis
857 3503 891 3566 in
910 3503 982 3568 alas
1038 3481 1043 3493 ’

180 3610 283 3695 inque
301 3608 406 3694 pedes
423 3609 505 3672 abiit
516 3631 525 3683 ;
550 3630 674 3674 nomen
693 3609 783 3695 quod
801 3620 833 3673 et
849 3621 940 3683 ante,
959 3607 1132 3674 remansit.
1179 3638 1229 3696 253

181 3736 249 3778 non
266 3725 380 3778 tamen
398 3715 485 3779 haec
502 3714 568 3779 alte
585 3715 733 3779 volucris
750 3736 811 3782 sua
828 3737 971 3800 corpora
987 3716 1085 3792 tollit,

181 3840 246 3884 nec
263 3807 348 3884 facit‘
359 3819 392 3883 in
410 3820 513 3885 ramis
532 3821 666 3905 altoque
683 3822 861 3885 cacumine
879 3822 998 3887 nidos:

182 3934 319 4008 propter
336 3924 478 3987 humum
495 3924 623 3998 volitat,
643 3925 804 4011 ponitque
821 3926 856 3989 in
874 3927 1012 4011 sepibus
1029 3948 1108 4004 ova,

183 4027 380 4116 antiquique
397 4050 528 4093 memor
545 4030 661 4094 metuit
678 4031 836 4096 sublimia
854 4037 967 4098 cassas.
