2752 4350
198 235 242 304 32
437 237 491 283 111.
531 216 604 285 Tha
625 217 731 306 Rapo
753 219 803 304 os
813 217 977 308 Europa.
1107 234 1250 312 [Momm.

197 413 348 479 induitur
364 412 488 479 faciem
503 413 613 488 tauri3
636 414 830 501 mixtusque
842 413 1000 503 juvencis
1197 433 1252 500 850

198 519 320 607 mugit,
338 529 372 584 et
387 519 422 583 in
438 519 564 587 teneris
580 520 749 586 formosus
764 521 965 586 obambulat
980 519 1108 586 herbis.

197 626 323 712 quippe
341 625 434 691 color
449 625 538 691 nivis
554 637 618 702 est,
635 647 740 713 quam
757 647 823 691 nec
838 626 984 713 vestigia
1001 626 1078 692 duri

197 735 375 798 calcavere
391 731 502 818 pedis,
521 753 586 798 nec
601 733 702 798 solvit
718 733 896 820 aquaticus
912 744 1047 808 auster;

197 841 285 905 colla
301 839 382 904 toris
398 849 516 903 extant
526 860 536 914 3
562 838 665 904 armis
683 838 835 924 palearia
851 838 1022 925 pendent3

196 965 326 1011 cornua
340 965 448 1031 parva
464 944 618 1032 quidem,
636 945 697 1010 sed
714 966 804 1031 quae
820 946 1027 1011 contendere
1043 945 1154 1032 possis
1196 965 1248 1035 853

195 1052 286 1117 sacta
303 1073 421 1127 manu,
438 1073 592 1140 puraque
610 1051 724 1140 magis
739 1051 918 1137 perlucida
935 1073 1087 1140 gemma.

195 1159 311 1224 nullae
326 1159 362 1223 in
378 1159 486 1225 fronte
504 1158 631 1235 minae,
651 1179 717 1224 nec
732 1158 948 1225 formidabile
964 1159 1102 1225 lumen:

195 1287 318 1351 pacem
334 1266 447 1332 vultus
463 1267 578 1331 habet.
627 1264 776 1330 Miratur
790 1263 956 1353 Agenore
973 1277 1066 1343 nata,

194 1373 286 1459 quod
302 1383 372 1436 tam
389 1373 571 1448 formosum
589 1372 681 1459 quod
698 1371 830 1456 proelia
846 1372 941 1436 nulla
958 1357 1118 1438 minetur.

195 1479 256 1544 sed
272 1478 430 1565 quamvis
446 1479 576 1555 mitem,
594 1477 713 1543 metuit
729 1477 929 1565 contingere
947 1479 1079 1564 primo:
1193 1495 1247 1550 860

195 1605 276 1648 mox
293 1585 375 1659 adit,
393 1595 427 1650 et
441 1583 543 1650 flores
560 1585 603 1650 ad
620 1585 768 1651 candida
785 1584 929 1671 porrigit
944 1606 1017 1650 ora.

239 1689 344 1756 Nunc
360 1691 448 1756 latus
464 1689 499 1755 in
516 1691 618 1757 fulvis
634 1691 772 1757 niveum
780 1667 931 1776 ‘deponit
946 1692 1080 1758 arenis:
1193 1709 1246 1780 865

194 1796 427 1884 paulatimque
444 1809 536 1862 metu
552 1798 702 1883 dempto,
721 1799 823 1864 modo
840 1809 979 1885 pectora
996 1800 1138 1884 praebet

192 1903 350 1990 virginea
365 1904 540 1990 palpanda
555 1925 673 1981 manu,
692 1905 795 1970 modo
812 1925 941 1971 cornua
958 1905 1056 1971 sertis

192 2009 412 2095 impedienda
428 2011 537 2076 novis.
586 2009 684 2076 Ausa
702 2021 754 2077 est
769 2033 905 2100 quoque
921 2011 1019 2098 regia
1036 2010 1148 2102 virg0,

192 2115 310 2181 nescia
325 2138 428 2204 quem
443 2127 626 2203 premeret,
643 2128 742 2206 tergo
760 2119 938 2185 considere
954 2117 1063 2182 tauri:

192 2243 272 2288 cum
288 2224 373 2289 deus
390 2245 410 2290 a
425 2234 515 2289 terra
531 2223 691 2313 siccoque
709 2245 730 2290 a
746 2225 843 2290 litore
860 2224 988 2290 sensim
1191 2242 1245 2311 870

192 2330 280 2396 falsa
296 2332 422 2416 pedum
439 2331 558 2417 primis
573 2331 720 2420 vestigia
736 2331 831 2417 ponit
847 2331 882 2397 in
899 2332 1015 2407 undis,

191 2435 272 2502 inde
288 2438 359 2502 abit
373 2437 527 2512 ulteriuS,
546 2437 717 2525 mediique
734 2459 796 2524 per
811 2459 962 2526 aequora
979 2438 1074 2526 ponti

191 2538 256 2604 sert
271 2539 448 2624 praedam.
497 2538 604 2606 Pavet
620 2541 720 2615 haec,
738 2541 885 2628 litusque
903 2542 1017 2607 ablata
1034 2542 1190 2608 relictum

190 2645 338 2730 respicit,
355 2655 388 2710 et
402 2646 522 2711 dextra
538 2667 681 2712 cornum
697 2658 802 2722 tenet,
822 2649 928 2714 altera
945 2650 1048 2715 dorso

189 2750 349 2838 imposita
365 2762 436 2818 est:
461 2753 626 2819 tremulae
643 2752 822 2822 sinuantur
837 2753 977 2822 flamine
993 2765 1117 2822 vestes.
1189 2774 1240 2845 875
