2752 4350
153 224 226 278 vn.
254 224 329 297 aa]
475 206 545 272 The
568 205 692 294 Magia
721 204 913 272 Cauldron.

155 424 332 491 aeneaque
349 404 535 492 invergens
551 403 656 489 tepidi
673 402 851 469 carchesia
868 401 979 478 Iastia,

153 510 260 575 verba
276 487 377 575 simul
393 511 492 587 fudit,
510 522 714 596 terrenaque
730 509 872 574 numina
890 507 982 582 civit,

153 617 423 705 umbrarumque
439 628 538 704 rogat
554 628 651 701 rapta
669 637 748 681 cum
765 614 914 703 conjuge
931 635 1064 702 regem,

153 745 199 789 ne
215 735 398 809 properent
414 734 506 789 artus
518 723 631 790 anima
646 722 805 786 fraudare
822 720 935 786 senili.
1156 752 1208 808 ²50

201 828 300 913 Quos
317 830 373 896 ubi
391 829 552 916 placavit,
571 828 797 915 precibusque
815 838 849 892 et
865 848 1038 894 murmure
1055 827 1174 916 longo,

153 935 303 1003 Aesonis
320 935 482 1002 effoetum
499 935 642 1022 proferri
658 955 783 1019 corpus
801 932 845 997 ad
862 954 964 999 auras

150 1043 264 1132 jussit,
284 1054 316 1108 et
331 1042 365 1108 in
383 1044 503 1129 plenos
519 1041 705 1108 resolutum
723 1039 875 1105 carmine
893 1062 1043 1117 somnos,

155 1149 307 1215 exanimi
323 1149 469 1215 similem
487 1149 598 1216 stratis
615 1146 767 1235 porrexit
783 1147 818 1211 iu
836 1147 962 1213 herbis.

155 1256 237 1321 hinc
253 1257 371 1342 procul
383 1256 597 1331 Aesoniden,
612 1254 732 1340 procul
750 1255 830 1320 hinc
842 1254 939 1342 jubet
955 1253 1004 1320 ire
1018 1253 1202 1328 ministros,

154 1374 189 1429 et
205 1374 320 1428 monet
335 1363 471 1428 arcanis
488 1362 606 1427 oculos
623 1381 800 1426 removere
817 1360 990 1446 profanos.

156 1468 341 1556 diffugiunt
354 1469 438 1557 jussi
452 1491 461 1543 ;
486 1468 597 1554 passis
613 1466 742 1533 Medea
759 1468 905 1554 capillis,

154 1575 385 1640 bacchantum
402 1575 479 1651 ritu,
498 1573 685 1660 flagrantes
701 1574 820 1639 circuit
837 1595 936 1640 arasr

124 1663 131 1675 ⁵
155 1683 408 1768 multifidasque
426 1682 520 1746 laces
536 1680 570 1744 in
588 1679 680 1746 fossa
696 1681 876 1770 sanguinis
893 1693 967 1746 atra

155 1788 293 1875 tinguit,
312 1800 345 1853 et
361 1789 519 1852 intinctas
536 1788 684 1875 geminis
702 1789 858 1854 accendit
875 1788 908 1853 in
926 1787 1015 1863 aris;
1155 1802 1208 1857 260

155 1906 273 1983 terque
290 1916 406 1960 senem
425 1894 578 1970 flamma,
597 1906 647 1960 ter
663 1916 766 1982 aqua,
784 1907 836 1961 ter
851 1895 979 1960 sulfure
997 1896 1128 1960 lustrat.

201 2002 336 2068 Interea
353 2001 505 2067 validum
522 2001 630 2087 posito
648 2002 862 2067 medicamen
880 2007 967 2067 aeno

155 2109 275 2184 servet,
294 2120 327 2174 et
343 2108 490 2174 exsultat
506 2109 703 2195 spumisque
720 2107 926 2174 tumentibus
943 2108 1046 2173 albet.

155 2217 227 2283 illic
244 2215 438 2282 Haemonia
456 2216 589 2281 radices
606 2216 696 2280 valle
713 2226 862 2282 resectas

156 2324 358 2410 seminaque
373 2321 542 2409 floresque
559 2333 592 2386 et
608 2342 709 2386 sucos
726 2321 877 2408 incoquit
894 2341 1003 2387 acres.
1155 2315 1205 2407 ἑός

157 2431 261 2497 adicit
276 2441 429 2495 extremo
446 2429 578 2514 lapides
596 2427 736 2494 Oriente
754 2428 889 2513 petitos,

156 2551 190 2604 et
205 2559 291 2625 quas
308 2535 440 2603 Oceani
457 2534 602 2600 refluum
619 2556 713 2599 mare
730 2533 813 2599 lavit
828 2555 961 2600 arenas.

156 2646 252 2712 addit
266 2655 299 2710 et
314 2654 477 2729 exceptas
494 2642 576 2706 luna
593 2652 754 2728 pernocte
771 2641 925 2726 pruinae,

156 2765 190 2819 et
206 2751 319 2840 strigis
336 2750 481 2816 infames
498 2748 581 2834 ipsis
598 2769 677 2813 cum
694 2747 855 2813 carnibus
873 2748 960 2824 alas,

155 2860 260 2948 inque
276 2858 387 2923 virum
405 2855 493 2922 soliti
509 2856 621 2920 vultus
639 2866 770 2919 mutare
787 2854 915 2920 ferinos

157 2966 311 3054 ambigui
328 2975 484 3051 prosecta
500 2962 594 3048 lupi;
619 2982 683 3026 nec
701 2961 807 3027 defuit
823 2960 894 3026 illic

157 3094 322 3162 squamea
339 3070 504 3159 Cinyphii
520 3068 631 3136 tenuis
649 3069 850 3134 membrana
868 3065 1038 3154 chelydri,

157 3180 352 3266 vivacisque
365 3178 464 3266 jecur
479 3176 583 3253 cervi,
602 3175 726 3262 quibus
743 3173 882 3260 insuper
899 3174 996 3240 addit

156 3308 218 3354 ora
235 3297 404 3372 caputque
420 3306 544 3350 novem
562 3283 708 3350 cornicis
725 3282 865 3348 saecula
882 3301 1020 3367 passae.

205 3393 269 3459 His
287 3404 320 3458 et
336 3391 428 3458 mille
446 3391 521 3457 aliis
538 3401 719 3477 postquam
736 3390 810 3454 sine
828 3387 967 3454 nomine
984 3387 1086 3452 rebus
1158 3413 1209 3470 273

158 3499 369 3588 propositum
386 3497 545 3564 instruxit
560 3496 723 3562 remorari
739 3496 887 3560 Tartara
904 3514 1043 3571 munuS,

159 3607 267 3673 arenti
284 3627 380 3671 ramo
393 3603 600 3693 jampridem
617 3602 706 3668 mitis
723 3602 835 3668 olivae

158 3713 276 3780 omnia
292 3711 457 3787 confudit,
475 3709 685 3796 summisque
702 3707 886 3774 immiscuit
901 3707 983 3772 ima.

160 3841 241 3887 ecce
257 3830 354 3884 vetus
371 3816 484 3883 calido
499 3826 655 3881 versatus
671 3815 776 3900 stipes
794 3819 881 3880 aeno

159 3929 197 3996 fit
211 3925 328 3994 viridis
345 3924 469 4011 prim0‚
488 3943 552 3988 nec
569 3922 674 4011 longo
691 3931 846 4008 tempore
863 3919 1001 3986 frondes
1161 3935 1213 3987 280
