2790 4356
153 263 330 336 xl11.398.]
381 243 481 336 Asbx
502 247 595 336 slays
616 249 766 337 himself
779 253 815 318 in
850 249 983 318 Wrath.
1138 269 1202 339 129

153 452 223 507 este
241 441 307 508 mei
325 443 515 510 memores!
542 456 600 511 aut
616 445 644 512 si
660 445 744 511 mihi
761 469 829 513 non
846 447 934 513 datis
951 467 1061 524 arma,
1150 464 1202 531 380

153 549 235 614 huic
251 550 329 615 date
342 549 470 617 1’-et
485 552 631 618 ostendit
647 553 786 640 signum
802 553 906 618 fatale
923 552 1117 618 Minervae.

198 655 296 721 Mota
313 678 435 723 manus
453 679 634 744 procerum
650 672 713 736 est,
732 672 765 724 et
781 661 863 748 quid
879 660 1040 726 facundia
1056 669 1185 747 posset,

151 784 189 828 re
205 763 334 849 patuit3
358 763 521 852 fortisque
537 764 601 829 viri
617 765 692 830 tulit
708 787 804 831 arma
821 765 976 832 disertus.

153 869 305 936 Hectora
320 869 379 957 qui
396 871 502 947 solus,
521 869 580 959 qui
596 871 738 949 sermm,
755 872 936 961 ignesque,
949 871 1142 959 Jovemque

152 975 309 1042 sustinuit
324 977 459 1055 totiens,
478 998 584 1043 unam
601 998 670 1043 non
686 978 829 1044 sustinet
843 978 951 1043 iram:
1082 1028 1085 1034 -
1151 997 1201 1066 385

150 1083 384 1171 invictumque
399 1084 510 1149 virum
527 1061 633 1150 vincit
648 1085 757 1150 dolor.
806 1083 937 1171 Arripit
953 1105 1085 1160 ensem,

152 1200 185 1254 et
203 1199 212 1230 ‘
227 1189 331 1256 Meus
344 1190 400 1256 hic
413 1202 503 1257 certe
516 1203 578 1256 est.
626 1190 685 1256 An
698 1202 731 1257 et
747 1192 839 1257 hunc
855 1191 919 1257 sibi
934 1191 1046 1278 poscit
1057 1189 1203 1257 Ulixes?

151 1296 241 1362 hoc’
257 1297 304 1363 ait
321 1306 330 1337 ‘
346 1299 510 1364 utendum
528 1308 579 1364 est
594 1297 629 1364 in
646 1317 702 1364 me
719 1297 824 1374 mihi;
849 1297 975 1386 quique
991 1318 1112 1365 cruore

151 1425 256 1489 saepe
272 1403 454 1494 Phrygum
472 1404 615 1480 maduit,
634 1404 763 1472 domini
780 1425 873 1472 nunc
890 1405 995 1470 caede
1014 1403 1178 1480 madebit,

134 1532 196 1581 ‚ne
211 1510 394 1599 quisquam
410 1509 557 1601 Ajacem
574 1511 681 1599 possit
696 1532 872 1598 superare,
891 1510 955 1576 nisi
972 1509 1090 1599 Ajax.’
1151 1541 1203 1598 390

151 1617 250 1694 dixit,
270 1629 303 1683 et
318 1618 354 1683 in
370 1630 488 1705 pectus
504 1631 576 1686 tum
593 1619 733 1686 demum
748 1618 891 1684 vulnera
908 1639 1050 1705 passum

151 1745 219 1811 qua
235 1725 344 1812 patuit
358 1726 499 1803 serrum,
517 1727 654 1792 letalem
670 1725 822 1792 condidit
838 1746 969 1792 ensem.

150 1851 216 1896 nec
232 1831 371 1897 valuere
388 1853 512 1900 manus
525 1831 670 1900 infixum
687 1833 834 1900 educere
849 1832 976 1900 telum:

151 1937 284 2023 expulit
298 1937 373 2023 ipse
389 1959 509 2013 cruor3
534 1939 778 2027 rubefactaque
795 1938 965 2027 sanguine
981 1938 1083 2007 tellus

151 2065 362 2131 purpureum
377 2044 477 2111 viridi
494 2045 614 2135 genuit
629 2047 673 2112 de
688 2037 816 2133 cespite
832 2046 965 2124 florem,
1149 2077 1201 2137 395

151 2151 210 2238 qui
226 2149 321 2237 prius
338 2149 483 2218 Oebalio
500 2152 610 2219 fuerat
626 2154 669 2219 de
685 2155 827 2220 vulnere
844 2167 953 2220 natus.

151 2258 263 2323 littera
279 2260 471 2324 communis
487 2260 608 2326 mediis
624 2281 798 2348 pueroque
814 2261 955 2349 viroque

151 2363 316 2451 inscripta
332 2373 383 2432 est
398 2364 508 2433 soliis:
534 2367 622 2434 haec
636 2366 799 2446 nominis,
816 2366 876 2434 illa
891 2367 1078 2458 querellae.
