2790 4356
182 238 326 312 lx.176.]
405 221 440 289 Τ
434 222 476 288 he
499 221 673 288 Poisoncd
694 219 797 287 Shirt
820 222 869 332 ⁰.f
880 219 1027 289 Nessus.
1189 239 1231 311 93

181 417 345 492 flemus?'
360 419 427 486 aits
453 419 591 507 ‘pellex
607 418 758 485 lacrimis
775 417 956 484 laetabitur
971 417 1055 484 istis.
1168 462 1171 467 -

180 547 271 613 quae
293 527 456 614 quoniam
481 525 653 602 adveniet,
670 525 941 612 properandum,
959 524 1156 615 aliquidque
1172 548 1233 593 no·

315 634 467 699 vandum
484 644 548 709 est,
1183 664 1231 721 145

180 739 263 806 dum
279 739 371 817 licet,
389 751 424 806 et
438 742 592 807 nondum
608 740 780 807 thalamos
795 748 888 806 tenet
904 739 1012 806 altera
1027 749 1174 807 nostros.

180 867 384 935 conquerar,
403 868 446 914 an
463 845 608 913 sileam?
630 858 784 934 repetam
801 845 998 936 Calydona,
1017 844 1199 916 moresne?

179 953 483 1020 excedam‘tectis?
507 975 565 1031 ao,
584 953 613 1021 si
629 954 714 1019 nihil
731 954 892 1040 amplius,
910 953 1064 1020 obstem?

178 1061 263 1148 quid
279 1061 307 1126 si
325 1083 391 1138 me,
411 1061 606 1151 Meleagro,
624 1073 718 1128 tuam
735 1061 867 1128 memor
882 1082 959 1127 esse
975 1082 1128 1128 sororem

180 1168 265 1233 sorte
282 1189 366 1255 paro
383 1169 529 1246 facinus,
548 1171 782 1258 quantumque
799 1168 923 1257 injuria
940 1168 1047 1255 possit
1184 1200 1194 1240 r
1199 1200 1233 1256 50

179 1273 417 1364 femineusque
434 1276 543 1353 dolor,
558 1276 717 1365 jugulata
734 1276 857 1363 pellice
873 1273 1016 1342 testori'

226 1381 389 1449 Incursus
406 1383 540 1450 animus
556 1382 670 1450 varios
685 1383 809 1450 habet:
834 1383 993 1450 omnibus
1008 1381 1077 1450 illis

179 1492 340 1579 praetulit
354 1491 521 1558 imbutam
537 1491 673 1559 Nesseo
689 1492 860 1581 sanguine
877 1503 1008 1558 vestem

181 1600 324 1679 mittere,
342 1623 432 1691 quae
447 1602 538 1669 vires
555 1601 688 1668 defecto
705 1601 826 1666 reddat
842 1600 960 1667 amori.

179 1709 370 1798 ignaroque
387 1709 533 1787 Lichae,
551 1710 633 1797 quid
649 1709 762 1775 tradat
777 1708 908 1785 nescia,
926 1708 1037 1775 luctus
1183 1735 1232 1795 ¹55

180 1817 255 1904 ipsa
272 1840 352 1884 suos
369 1819 482 1894 tradit,
500 1817 704 1905 blandisque
721 1817 913 1883 miserrima
928 1816 1057 1894 verbis

179 1926 270 1992 dona
287 1928 344 1993 det
359 1927 418 1993 illa
435 1927 520 2003 viro,
539 1927 688 1993 mandat
737 1925 840 2012 Capit
857 1925 984 1992 inscius
1001 1926 1115 2004 heros,

179 2034 396 2123 induiturque
414 2035 564 2102 humeris
581 2033 761 2100 Lernaeae
779 2035 873 2101 virus
888 2033 1070 2100 echidnae.

223 2141 321 2208 Tura
336 2143 440 2208 dabat
456 2141 574 2229 primis
591 2153 626 2210 et
640 2142 746 2208 verba
764 2141 939 2229 precantia
956 2139 1116 2220 flammis,

171 2247 327 2337 „vinaque
343 2269 553 2322 marmoreas
570 2261 688 2335 patera
705 2247 870 2314 fundebat
886 2247 922 2312 in
938 2268 1038 2314 aras:
1181 2265 1232 2322 ιω

177 2355 320 2431 incaluit
335 2355 388 2421 vis
404 2355 463 2422 illa
481 2356 575 2432 mali,
594 2357 811 2444 resolutaque
828 2354 978 2432 flammis

178 2461 373 2528 Herculeos
390 2463 473 2528 abiit
488 2455 556 2530 late
572 2463 698 2531 diffusa
714 2485 776 2550 per
792 2474 897 2530 artus.

177 2570 260 2635 dum
278 2571 396 2658 potuit,
416 2571 514 2636 solita
531 2569 697 2659 gemitum
713 2570 835 2636 virtute
852 2570 1034 2656 repressit3

177 2676 267 2742 victa
285 2677 384 2743 malis
400 2689 581 2765 postquam
597 2687 649 2743 est
663 2677 841 2764 patientia,
859 2677 1009 2764 reppulit
1025 2699 1116 2756 aras,

177 2783 398 2872 implevitque
415 2784 485 2850 suis
502 2806 720 2850 nemorosum
738 2784 880 2851 vocibus
896 2783 1020 2850 Oeten.
1180 2801 1229 2872 165

176 2911 243 2957 nec
259 2912 368 2967 mora,
386 2891 554 2956 letiferam
571 2903 714 2957 cenatur
731 2891 887 2957 scindere
903 2903 1055 2956 vestem:

175 3017 245 3084 qua
260 2998 416 3074 trahitur,
434 2996 538 3062 trahit
553 2997 612 3062 illa
630 3009 755 3074 cutem,
774 2997 982 3084 foedumque
997 2997 1122 3076 relatu,

176 3114 235 3169 aut
251 3105 368 3170 haeret
384 3103 545 3170 membris
562 3103 686 3173 frustra
703 3114 867 3190 temptata
883 3101 1015 3182 revelli,

176 3223 235 3275 aut
250 3210 382 3277 laceros
400 3224 492 3277 artus
509 3223 542 3277 et
558 3211 705 3300 grandia
721 3211 849 3298 detegit
864 3231 955 3276 ossa.

175 3315 250 3403 ipse
267 3333 379 3394 cruor,
398 3317 515 3407 gelido
532 3339 596 3384 ceu
611 3318 785 3405 quondam
803 3317 931 3382 lamina
947 3317 1100 3384 candens
1178 3347 1228 3401 170

172 3423 279 3490 tincta
295 3425 387 3501 lacu,
405 3424 528 3501 stridit,
546 3425 769 3512 coquiturque
787 3424 926 3489 ardente
942 3446 1090 3490 veneno.

219 3530 298 3597 Nec
314 3532 436 3598 modus
448 3542 521 3598 est:
538 3533 677 3598 sorbent
693 3531 816 3596 avidae
833 3530 1034 3617 praecordia
1050 3527 1224 3608 flammae,

174 3641 422 3728 caeruleusque
438 3639 514 3706 fluit
528 3651 597 3705 toto
613 3640 657 3705 de
674 3660 816 3726 corpore
833 3639 949 3714 sudor,

174 3747 389 3834 ambustique
406 3757 529 3812 sonant
544 3745 654 3821 nervi,
673 3766 847 3832 caecaque
864 3743 1023 3810 medullis
1077 3790 1079 3794 .

172 3853 251 3918 tabe
268 3853 458 3941 liquefactis
474 3853 618 3918 tendens
636 3853 680 3917 ad
698 3852 811 3917 sidera
829 3851 977 3938 palmas,
1177 3881 1224 3938 ¹75

173 3957 384 4027 ‘Cladibus'
398 3959 584 4037 exclamat,
604 3957 803 4035 ‘Saturnia
820 3978 964 4045 pascere
981 3956 1125 4026 nostris:
