2790 4356
175 227 236 302 142
403 207 475 275 The
509 207 654 273 Wz'sdom
679 211 726 293 os
739 209 846 297 Kr'ng
864 208 1001 277 Numa.
1083 229 1226 300 [Mam

171 409 255 483 ulla,
273 429 338 494 pec
354 405 503 482 uberior,
521 426 587 471 nec
603 426 691 494 quae
708 405 821 495 magis
838 407 957 474 ardeat
973 407 1044 473 ulla
1062 418 1123 474 est.

170 515 299 600 excipit
313 512 545 588 Auctumnus,
564 512 674 599 posito
690 513 824 578 fervore
837 514 1016 601 juventae,

171 633 323 688 maturus
340 619 499 706 mitisque
514 619 602 685 inter
614 619 847 708 juvenemque
865 643 1053 708 senemque
1174 655 1226 695 210

169 728 335 814 temperie
352 725 497 803 medius,
518 747 657 812 sparsus
674 747 810 814 quoque
827 737 982 814 tempora
999 729 1107 794 canis.
1171 744 1173 750 ·

169 836 251 902 inde
268 833 384 902 senilis
402 833 548 920 Hiemps
563 834 709 899 tremulo
725 835 819 899 venit
835 835 974 900 horrida
990 857 1109 921 passu,

171 955 229 1009 aut
244 942 390 1029 spoliata
405 962 498 1017 suos,
517 951 587 1016 aut,
605 962 691 1028 quos
709 941 823 1018 habet,
843 943 922 1008 alba
939 942 1095 1029 capillos.

217 1062 226 1092 ⁶
242 1049 363 1115 Editus
379 1047 416 1113 in
432 1049 544 1112 lucem
557 1048 667 1136 jacuit
682 1047 756 1114 sine
773 1048 904 1114 viribus
919 1050 1055 1126 insans3

171 1180 252 1225 mox
267 1157 478 1245 quadrupes,
496 1154 630 1241 rituque
646 1155 722 1220 tulit
739 1176 801 1220 sua
819 1157 974 1222 membra
990 1156 1164 1233 ferarum3
1279 1187 1282 1194 ·

170 1263 405 1352 paulatimque
420 1272 570 1327 tremens
588 1273 621 1327 et
637 1263 790 1327 nondum
808 1264 936 1349 poplite
953 1265 1052 1330 firmo
1187 1255 1192 1264 ’

170 1371 329 1446 constitit,
349 1359 472 1456 adjutis
490 1367 604 1455 aliquo
621 1369 802 1434 conamine
819 1370 954 1445 nervis3

170 1477 250 1543 inde
266 1478 386 1542 valens
402 1476 573 1561 veloxque
588 1474 663 1550 suit,
683 1475 900 1563 spatiumque
914 1477 1078 1564 juventae
1161 1506 1226 1565 2²5

169 1585 302 1660 transit,
320 1593 353 1648 et
369 1582 519 1647 emeritis
536 1582 640 1646 medii
655 1604 792 1669 quoque
808 1584 972 1668 temporis
990 1584 1091 1652 annis

170 1691 295 1755 labitur
309 1687 476 1755 occiduae
493 1709 554 1774 per
570 1688 633 1753 iter
649 1689 782 1754 declive
800 1702 974 1755 senectae.

170 1796 302 1863 subruit
317 1796 405 1860 haec
421 1793 498 1859 aevi
514 1794 764 1890 demoliturque
780 1795 903 1880 prioris

170 1904 314 1979 robora3
339 1900 463 1989 fletque
480 1900 593 1966 Milon
609 1900 735 1978 senior,
754 1922 834 1967 cum
851 1913 981 1989 spectat
997 1904 1117 1971 inanes

170 2010 260 2087 illos,
278 2009 337 2097 qui
352 2009 487 2074 fuerant
502 2007 691 2074 solidorum
707 2009 799 2074 mole
814 2019 966 2076 tororum
1124 2015 1126 2020 “
1175 2043 1227 2097 230

172 2117 356 2184 Herculeis
371 2115 513 2191 similes,
532 2114 656 2180 fluidos
673 2116 825 2202 pendere
841 2117 1008 2194 lacertos3

170 2224 230 2290 flet
245 2245 394 2312 quoque,
413 2223 501 2288 utin
517 2223 659 2309 speculo
676 2243 783 2310 rugas
801 2223 936 2310 aspexit
952 2226 1074 2301 aniles,

170 2331 360 2420 Tyndaris,
379 2341 412 2396 et
427 2351 545 2396 secum
562 2351 624 2396 cur
640 2329 683 2394 sit
698 2329 751 2395 bis
768 2342 866 2415 rapta
882 2331 1034 2417 requirit.

171 2439 328 2525 Tempus
344 2438 435 2503 edax
451 2457 579 2512 rerum,
598 2446 702 2523 tuque
719 2436 888 2502 invidiosa
903 2436 1079 2516 Vetustas,

172 2545 288 2612 omnia
304 2543 487 2620 destruitis,
506 2543 692 2630 vitiataque
709 2543 868 2609 dentibus
885 2545 962 2610 aevi
1175 2574 1227 2633 235

172 2649 337 2738 paulatim
354 2648 446 2712 lenta
463 2645 663 2712 consumitis
681 2645 798 2713 omnia
814 2657 935 2713 morte.

220 2756 346 2823 ‘Haec
376 2777 514 2844 quoque
545 2777 615 2822 non
647 2764 813 2840 perstant,
846 2775 936 2841 quae
969 2775 1033 2821 nos
1064 2755 1229 2820 elementa

253 2909 255 2912 -
307 2884 472 2931 vocamus
484 2886 493 2940 ;

64 3047 67 3054 ,
174 2995 327 3063 quasque
337 2974 431 3040 vices
442 2982 623 3062 peragant,
634 3009 681 3022 -
691 2969 825 3036 animos
838 2967 998 3034 adhibete
1011 2967 1019 3033 l
1031 3005 1076 3018 —-
1086 2968 1228 3035 docebo.

174 3093 331 3168 quattuor
348 3092 506 3146 aeternus
522 3079 687 3168 genitalia
704 3096 849 3164 corpora
867 3075 1015 3142 mundus

175 3188 336 3253 continet.
385 3187 440 3252 Ex
456 3187 523 3253 illis
540 3188 608 3252 duo
625 3196 704 3252 sunt
719 3203 879 3260 onerosa,
900 3203 1030 3269 suoque
1177 3212 1230 3266 240

175 3296 327 3383 pondere
343 3295 379 3360 in
395 3295 549 3371 inferius,
567 3295 668 3360 tellus
684 3306 787 3381 atque
803 3290 912 3367 unda,
931 3289 1105 3365 seruntur3

176 3414 210 3470 et
224 3403 363 3470 totidem
381 3402 547 3490 gravitate
564 3413 694 3478 carent,
714 3403 878 3490 nulloque
895 3406 1073 3487 premente

178 3511 245 3574 alta
262 3519 392 3596 petunt,
410 3516 475 3583 «ἓν
490 3519 593 3594 atque
609 3513 689 3574 aire
705 3509 823 3594 purior
839 3507 945 3595 ignis.

176 3636 266 3703 quae
282 3636 490 3702 quamquam
508 3615 617 3699 spatio
634 3615 771 3692 distant,
789 3626 906 3682 tamen
921 3616 1039 3692 omnia
1055 3613 1142 3680 fiunt

177 3741 222 3785 ex
238 3720 334 3805 ipsis,
353 3731 386 3785 et
401 3721 438 3785 in
453 3721 528 3805 ipsa
545 3721 692 3796 cadunt;
717 3723 935 3809 resolutaque
952 3725 1054 3790 tellus
1179 3747 1230 3806 245

177 3825 212 3890 in
229 3825 375 3910 liquidas
391 3825 533 3912 rarescit
548 3846 668 3912 aquas,
686 3837 845 3894 tenuatus
861 3828 896 3893 in
914 3851 1017 3898 auras

179 3936 329 4019 aeraque
344 3930 469 3998 humor
484 3931 566 4009 abit,
584 3933 723 4019 dempto
738 3954 876 4022 quoque
892 3938 1046 4024 pondere
1062 3955 1181 4008 rursus
