2790 4356
156 240 220 311 124
370 220 524 308 thalry
548 223 595 308 ff
608 219 707 309 Asox
730 221 804 286 and
831 217 980 306 Ulysses.
1059 236 1201 308 [Mam

152 420 229 506 quis
245 429 322 484 tuus
337 441 421 485 usus
437 415 531 485 erat?
577 417 670 484 Nam
687 418 716 486 si
733 439 811 484 mea
827 416 1091 504 facta-requiris,

152 526 305 592 hostibus
321 526 474 603 insidior,
492 526 602 591 fossas
619 525 808 590 munimine
826 524 943 612 cingo,

152 634 310 699 consolor
326 633 448 709 socios,
467 643 504 698 ut
520 632 616 721 longi
632 633 745 698 taedia
761 631 843 698 belli

151 751 265 806 mente
282 740 393 805 serant
407 739 565 826 placida3
590 740 711 816 doceo,
729 760 797 826 quo
814 739 921 806 simus
938 739 1052 808 alendi

152 846 376 934 armandique
392 846 515 921 mod03
540 845 665 923 mittor,
683 867 751 932 quo
768 847 918 931 postulat
934 869 1028 916 usus.
1150 880 1181 921 21
1185 879 1200 938 ς

198 964 206 993 ‘
223 952 316 1018 Ecce
327 952 423 1039 Jovis
440 951 584 1028 monitu,
602 952 766 1037 deceptus
783 952 936 1042 imagine
952 953 1077 1034 somni,

151 1081 213 1124 rex
226 1059 322 1148 jubet
338 1058 485 1143 incoepti
502 1079 620 1126 curam
637 1058 804 1128 dimittere
820 1061 923 1129 belli:

150 1168 208 1232 ille
225 1177 334 1254 potest
350 1179 488 1232 auctore
504 1187 602 1232 suam
620 1166 805 1234 defendere
821 1190 955 1240 vocem.

150 1296 219 1340 uon
236 1273 325 1339 sinat
340 1274 407 1340 hoc
422 1272 529 1361 Ajax,
547 1273 762 1360 delendaque
779 1275 951 1363 Pergama
968 1286 1098 1362 poscat,

149 1382 309 1469 quodque
325 1390 447 1466 potest,
466 1377 617 1468 pugnetl
666 1379 738 1447 Cur
753 1404 823 1448 non
839 1395 1028 1450 remoratur
1043 1381 1172 1454 ituros?

150 1509 211 1554 cur
228 1510 296 1554 non
314 1508 409 1554 arma
427 1487 530 1572 capit,
549 1488 621 1566 dat,
638 1490 731 1577 quod
748 1510 840 1582 vaga
855 1491 955 1559 turba
971 1487 1154 1576 sequatur?
1225 1487 1229 1494 '

150 1617 219 1660 non
236 1604 309 1659 erat
324 1594 391 1660 hoc
407 1593 551 1658 nimium
569 1617 756 1683 numquam
773 1593 838 1662 hisi
855 1617 984 1684 magna
1001 1594 1163 1682 loquenti.

149 1703 232 1790 quid
249 1701 340 1789 quod
358 1712 390 1766 et
405 1701 479 1788 ipse
496 1701 605 1790 sugit?
649 1703 745 1780 Vidi,
763 1703 951 1790 puduitque
967 1702 1097 1778 videre,

151 1830 229 1876 cum
246 1820 282 1873 tu
298 1819 395 1895 terga
413 1808 527 1885 dares,
546 1810 793 1898 inhonestaque
810 1810 887 1874 vela
904 1829 1056 1896 parares.

150 1934 215 1980 nec
232 1934 349 1981 mora:
373 1912 640 2000 Quzdsacitts?
663 1938 752 2004 quae
766 1938 826 1981 vos
840 1917 1012 1982 desinentia
1033 1914 1141 2005 (dixi)

149 2024 312 2098 concriat,
336 2021 477 2100 Osocir',
496 2031 633 2110 captam
649 2024 824 2090 demittere
846 2021 882 2089 T
876 2020 1023 2108 rojam?

151 2129 278 2216 quidve
292 2129 549 2216 domumsertis
565 2131 706 2208 damino,
725 2119 803 2195 m'sr‘
809 2129 966 2205 dedecus,
985 2123 1113 2194 anno?

150 2236 275 2301 talibus
292 2245 394 2324 atque
411 2237 498 2314 aliis,
515 2236 551 2301 in
566 2257 655 2323 quae
672 2237 770 2302 dolor
785 2238 858 2323 ipse
875 2237 1038 2304 disertum

149 2341 291 2418 fecerat,
310 2364 448 2410 aversos
464 2343 612 2432 profuga
628 2344 671 2409 de
689 2344 799 2411 classe
816 2341 950 2408 reduxi.

197 2461 206 2492 ⁴
222 2449 401 2517 Convocat
416 2447 556 2516 Atrides
572 2449 682 2517 socios
698 2460 825 2516 terrore
841 2449 1028 2536 paventes,
1150 2477 1201 2533 230

150 2577 216 2622 nec
231 2555 500 2623 Telamoniades
517 2555 619 2623 etiam
636 2575 729 2622 nuno
745 2556 878 2622 hiscere
895 2554 1080 2642 quicquam

151 2666 266 2731 audet.
314 2665 363 2736 At
378 2687 482 2734 ausus
500 2675 573 2733 erat
588 2683 690 2751 reges
706 2663 878 2728 incessere
895 2661 996 2728 dictis

150 2774 341 2861 Thersites,
360 2775 463 2841 etiam
480 2795 542 2859 per
558 2792 613 2838 me
630 2770 723 2836 haud
739 2769 893 2855 impune,
911 2766 1088 2855 protervis.

151 2882 279 2972 erigor,
297 2892 330 2950 et
344 2881 494 2968 trepidos
511 2880 604 2946 cives
621 2878 782 2944 exhortor
797 2875 834 2940 in
850 2876 998 2952 hostem,

153 2990 382 3075 amissamque
400 3008 477 3054 mea
492 2987 652 3052 virtutem
668 3003 753 3050 voce
770 3002 927 3070 reposco.
1151 3007 1202 3066 235

151 3107 304 3180 tempore
321 3096 364 3159 ab
381 3095 459 3170 hoc,
477 3094 719 3180 quodcumque
740 3099 850 3176 potest
864 3087 987 3154 secisse
1002 3085 1112 3154 videri

152 3201 280 3266 fortiter
295 3199 369 3276 iste,
388 3221 503 3266 meum
520 3209 583 3275 est,
601 3197 660 3286 qui
677 3199 816 3264 dantem
834 3206 932 3283 terga
948 3191 1088 3260 retraxi.

152 3307 299 3392 denique
316 3306 359 3370 de
376 3305 508 3370 Danais
524 3304 600 3392 quis
616 3315 649 3372 te
666 3303 828 3370 laudatve
845 3297 993 3389 petitve?

199 3411 271 3480 ‘At
287 3433 350 3480 sua
365 3412 522 3499 Tydides
538 3433 675 3476 mecum
692 3409 924 3477 communicat
941 3416 1032 3484 acta,

152 3544 207 3586 me
225 3522 357 3606 probat,
376 3529 410 3585 et
426 3517 518 3585 socio
535 3538 671 3602 semper
688 3516 828 3583 confidit
845 3515 965 3582 Ulixe·
1152 3539 1204 3594 240

153 3638 204 3690 est
220 3625 362 3712 aliquid,
381 3625 424 3690 de
440 3635 487 3690 tot
504 3622 686 3691 Graiorum
704 3621 842 3687 milibus
857 3641 966 3686 unum

154 3751 174 3794 a
191 3730 359 3796 Diomede
375 3729 459 3817 legi.
478 3786 483 3794 .
508 3729 585 3795 Nec
601 3751 657 3795 me
673 3750 747 3794 sors
763 3728 812 3794 ire
824 3727 990 3816 jubebat:

154 3833 204 3898 sic
219 3843 346 3908 tamen,
364 3845 398 3900 et
413 3847 526 3920 spreto
542 3836 718 3922 noctisque
735 3833 909 3919 hostisque
925 3831 1069 3918 periclo,

155 3959 277 4003 ausum
294 3940 429 4018 eadem,
447 3963 536 4028 quae
552 3963 628 4019 nos,
646 3940 801 4029 Phrygia
818 3940 860 4006 de
877 3949 981 4028 gente
999 3937 1137 4006 Dolona
