<?xml version="1.0" encoding="UTF-8"?>
<!DOCTYPE html PUBLIC "-//W3C//DTD XHTML 1.0 Transitional//EN"
    "http://www.w3.org/TR/xhtml1/DTD/xhtml1-transitional.dtd">
<html xmlns="http://www.w3.org/1999/xhtml" xml:lang="en" lang="en">
 <head>
  <title>
</title>
<meta http-equiv="Content-Type" content="text/html;charset=utf-8" />
  <meta name='ocr-system' content='tesseract 3.04.00' />
  <meta name='ocr-capabilities' content='ocr_page ocr_carea ocr_par ocr_line ocrx_word'/>
</head>
<body>
  <div class='ocr_page' id='page_1' title='image "./poemataquaedame00ovidgoog_0117.png"; bbox 0 0 2790 4356; ppageno 0'>
   <div class='ocr_carea' id='block_1_1' title="bbox 167 173 1212 262">
    <p class='ocr_par' dir='ltr' id='par_1_1' title="bbox 167 173 1212 262">
     <span class='ocr_line' id='line_1_1' title="bbox 167 173 1212 262; baseline 0.003 -20"><span class='ocrx_word' id='word_1_1' title='bbox 167 195 228 242; x_wconf 86' lang='lat'><strong>102</strong></span> <span class='ocrx_word' id='word_1_2' title='bbox 407 221 408 224; x_wconf 20' lang='grc' dir='ltr'><strong>κ</strong></span> <span class='ocrx_word' id='word_1_3' title='bbox 470 175 540 241; x_wconf 80' lang='lat' dir='ltr'><strong>The</strong></span> <span class='ocrx_word' id='word_1_4' title='bbox 564 173 666 262; x_wconf 81' lang='lat' dir='ltr'><strong>Song</strong></span> <span class='ocrx_word' id='word_1_5' title='bbox 684 175 733 260; x_wconf 86' lang='lat' dir='ltr'><strong>of</strong></span> <span class='ocrx_word' id='word_1_6' title='bbox 751 173 921 262; x_wconf 77' lang='lat' dir='ltr'><strong>Orpheus.</strong></span> <span class='ocrx_word' id='word_1_7' title='bbox 1069 189 1212 260; x_wconf 73' lang='lat' dir='ltr'><strong>[Mamur.</strong></span> 
     </span>
    </p>
   </div>
   <div class='ocr_carea' id='block_1_2' title="bbox 163 371 1215 1741">
    <p class='ocr_par' dir='ltr' id='par_1_2' title="bbox 163 371 932 458">
     <span class='ocr_line' id='line_1_2' title="bbox 163 371 932 458; baseline -0.004 -20"><span class='ocrx_word' id='word_1_8' title='bbox 163 374 270 440; x_wconf 88' lang='lat' dir='ltr'><strong>tristia</strong></span> <span class='ocrx_word' id='word_1_9' title='bbox 287 373 314 438; x_wconf 91' lang='lat' dir='ltr'><strong>si</strong></span> <span class='ocrx_word' id='word_1_10' title='bbox 331 372 478 458; x_wconf 90' lang='lat' dir='ltr'><strong>spatium</strong></span> <span class='ocrx_word' id='word_1_11' title='bbox 496 371 645 457; x_wconf 90' lang='lat' dir='ltr'><strong>ponendi</strong></span> <span class='ocrx_word' id='word_1_12' title='bbox 661 372 729 437; x_wconf 89' lang='lat' dir='ltr'><strong>fata</strong></span> <span class='ocrx_word' id='word_1_13' title='bbox 747 371 932 436; x_wconf 85' lang='lat' dir='ltr'><strong>dedissent.</strong></span> 
     </span>
    </p>

    <p class='ocr_par' dir='ltr' id='par_1_3' title="bbox 164 477 1125 568">
     <span class='ocr_line' id='line_1_3' title="bbox 164 477 1125 568; baseline -0.003 -23"><span class='ocrx_word' id='word_1_14' title='bbox 164 502 231 568; x_wconf 90' lang='lat' dir='ltr'><strong>qua</strong></span> <span class='ocrx_word' id='word_1_15' title='bbox 249 481 337 555; x_wconf 89' lang='lat' dir='ltr'><strong>licet,</strong></span> <span class='ocrx_word' id='word_1_16' title='bbox 357 491 516 545; x_wconf 87' lang='lat' dir='ltr'><strong>aeternus</strong></span> <span class='ocrx_word' id='word_1_17' title='bbox 532 490 647 543; x_wconf 87' lang='lat' dir='ltr'><strong>tamen</strong></span> <span class='ocrx_word' id='word_1_18' title='bbox 664 499 722 551; x_wconf 90' lang='lat' dir='ltr'><strong>es;</strong></span> <span class='ocrx_word' id='word_1_19' title='bbox 748 477 970 564; x_wconf 90' lang='lat' dir='ltr'><strong>quotiensque</strong></span> <span class='ocrx_word' id='word_1_20' title='bbox 991 477 1125 564; x_wconf 84' lang='lat' dir='ltr'>repellit</span> 
     </span>
    </p>

    <p class='ocr_par' dir='ltr' id='par_1_4' title="bbox 163 584 1213 671">
     <span class='ocr_line' id='line_1_4' title="bbox 163 584 1213 671; baseline -0.003 -19"><span class='ocrx_word' id='word_1_21' title='bbox 163 610 224 652; x_wconf 88' lang='lat' dir='ltr'><strong>ver</strong></span> <span class='ocrx_word' id='word_1_22' title='bbox 240 587 402 660; x_wconf 87' lang='lat' dir='ltr'><strong>hiemem,</strong></span> <span class='ocrx_word' id='word_1_23' title='bbox 420 584 579 671; x_wconf 87' lang='lat' dir='ltr'><strong>Piscique</strong></span> <span class='ocrx_word' id='word_1_24' title='bbox 596 584 698 650; x_wconf 90' lang='lat' dir='ltr'><strong>Aries</strong></span> <span class='ocrx_word' id='word_1_25' title='bbox 715 584 868 650; x_wconf 89' lang='lat' dir='ltr'><strong>succedit</strong></span> <span class='ocrx_word' id='word_1_26' title='bbox 884 605 1027 670; x_wconf 89' lang='lat' dir='ltr'><strong>aquoso,</strong></span> <span class='ocrx_word' id='word_1_27' title='bbox 1165 599 1213 670; x_wconf 81' lang='lat'><strong>¹⁶5</strong></span> 
     </span>
    </p>

    <p class='ocr_par' dir='ltr' id='par_1_5' title="bbox 163 669 987 777">
     <span class='ocr_line' id='line_1_5' title="bbox 163 669 987 777; baseline -0.006 -18"><span class='ocrx_word' id='word_1_28' title='bbox 163 704 198 760; x_wconf 92' lang='lat' dir='ltr'><strong>tu</strong></span> <span class='ocrx_word' id='word_1_29' title='bbox 216 694 337 776; x_wconf 70' lang='lat' dir='ltr'><strong>totiens</strong></span> <span class='ocrx_word' id='word_1_30' title='bbox 353 692 472 765; x_wconf 91' lang='lat' dir='ltr'><strong>oreris,</strong></span> <span class='ocrx_word' id='word_1_31' title='bbox 491 669 658 777; x_wconf 84' lang='lat' dir='ltr'><strong>viridique</strong></span> <span class='ocrx_word' id='word_1_32' title='bbox 675 690 711 755; x_wconf 89' lang='lat' dir='ltr'><strong>in</strong></span> <span class='ocrx_word' id='word_1_33' title='bbox 728 691 856 775; x_wconf 86' lang='lat' dir='ltr'><strong>cespite</strong></span> <span class='ocrx_word' id='word_1_34' title='bbox 872 689 987 756; x_wconf 90' lang='lat' dir='ltr'><strong>flores.</strong></span> 
     </span>
    </p>

    <p class='ocr_par' dir='ltr' id='par_1_6' title="bbox 163 796 989 884">
     <span class='ocr_line' id='line_1_6' title="bbox 163 796 989 884; baseline -0.004 -19"><span class='ocrx_word' id='word_1_35' title='bbox 163 811 196 865; x_wconf 90' lang='lat' dir='ltr'><strong>te</strong></span> <span class='ocrx_word' id='word_1_36' title='bbox 213 820 309 864; x_wconf 90' lang='lat' dir='ltr'><strong>meus</strong></span> <span class='ocrx_word' id='word_1_37' title='bbox 327 808 404 863; x_wconf 91' lang='lat' dir='ltr'><strong>ante</strong></span> <span class='ocrx_word' id='word_1_38' title='bbox 421 819 540 867; x_wconf 87' lang='lat' dir='ltr'><strong>omnes</strong></span> <span class='ocrx_word' id='word_1_39' title='bbox 557 797 691 884; x_wconf 85' lang='lat' dir='ltr'><strong>genitor</strong></span> <span class='ocrx_word' id='word_1_40' title='bbox 708 796 840 872; x_wconf 88' lang='lat' dir='ltr'><strong>dilexit,</strong></span> <span class='ocrx_word' id='word_1_41' title='bbox 859 807 891 861; x_wconf 91' lang='lat' dir='ltr'><strong>et</strong></span> <span class='ocrx_word' id='word_1_42' title='bbox 907 797 989 862; x_wconf 88' lang='lat' dir='ltr'><strong>orbe</strong></span> 
     </span>
    </p>

    <p class='ocr_par' dir='ltr' id='par_1_7' title="bbox 164 902 977 990">
     <span class='ocr_line' id='line_1_7' title="bbox 164 902 977 990; baseline -0.004 -20"><span class='ocrx_word' id='word_1_43' title='bbox 164 907 198 970; x_wconf 93' lang='lat' dir='ltr'><strong>in</strong></span> <span class='ocrx_word' id='word_1_44' title='bbox 216 905 329 971; x_wconf 90' lang='lat' dir='ltr'><strong>medio</strong></span> <span class='ocrx_word' id='word_1_45' title='bbox 345 903 444 990; x_wconf 90' lang='lat' dir='ltr'><strong>positi</strong></span> <span class='ocrx_word' id='word_1_46' title='bbox 461 914 645 969; x_wconf 91' lang='lat' dir='ltr'><strong>caruerunt</strong></span> <span class='ocrx_word' id='word_1_47' title='bbox 661 903 818 988; x_wconf 86' lang='lat' dir='ltr'>praeside</span> <span class='ocrx_word' id='word_1_48' title='bbox 837 902 977 988; x_wconf 81' lang='lat' dir='ltr'><strong>Delphi,</strong></span> 
     </span>
    </p>

    <p class='ocr_par' dir='ltr' id='par_1_8' title="bbox 165 1009 1124 1096">
     <span class='ocr_line' id='line_1_8' title="bbox 165 1009 1124 1096; baseline -0.003 -19"><span class='ocrx_word' id='word_1_49' title='bbox 165 1013 245 1077; x_wconf 90' lang='lat' dir='ltr'><strong>dum</strong></span> <span class='ocrx_word' id='word_1_50' title='bbox 263 1011 347 1076; x_wconf 89' lang='lat' dir='ltr'><strong>deus</strong></span> <span class='ocrx_word' id='word_1_51' title='bbox 365 1010 515 1076; x_wconf 87' lang='lat' dir='ltr'><strong>Eurotan</strong></span> <span class='ocrx_word' id='word_1_52' title='bbox 534 1009 818 1096; x_wconf 91' lang='lat' dir='ltr'><strong>immunitamque</strong></span> <span class='ocrx_word' id='word_1_53' title='bbox 834 1009 1026 1096; x_wconf 87' lang='lat' dir='ltr'><strong>frequentat</strong></span> <span class='ocrx_word' id='word_1_54' title='bbox 1120 1033 1124 1040; x_wconf 94' lang='lat'>·</span> 
     </span>
    </p>

    <p class='ocr_par' dir='ltr' id='par_1_9' title="bbox 164 1115 1215 1206">
     <span class='ocr_line' id='line_1_9' title="bbox 164 1115 1215 1206; baseline 0.003 -21"><span class='ocrx_word' id='word_1_55' title='bbox 164 1118 333 1204; x_wconf 84' lang='lat' dir='ltr'><strong>Sparten:</strong></span> <span class='ocrx_word' id='word_1_56' title='bbox 350 1137 416 1183; x_wconf 90' lang='lat' dir='ltr'><strong>nec</strong></span> <span class='ocrx_word' id='word_1_57' title='bbox 432 1116 597 1192; x_wconf 85' lang='lat' dir='ltr'><strong>citharae,</strong></span> <span class='ocrx_word' id='word_1_58' title='bbox 612 1137 677 1182; x_wconf 89' lang='lat' dir='ltr'><strong>nec</strong></span> <span class='ocrx_word' id='word_1_59' title='bbox 690 1127 768 1181; x_wconf 91' lang='lat' dir='ltr'><strong>sunt</strong></span> <span class='ocrx_word' id='word_1_60' title='bbox 784 1115 819 1180; x_wconf 89' lang='lat' dir='ltr'><strong>in</strong></span> <span class='ocrx_word' id='word_1_61' title='bbox 837 1117 966 1182; x_wconf 88' lang='lat' dir='ltr'><strong>honore</strong></span> <span class='ocrx_word' id='word_1_62' title='bbox 983 1117 1142 1206; x_wconf 83' lang='lat' dir='ltr'><strong>sagittae·</strong></span> <span class='ocrx_word' id='word_1_63' title='bbox 1165 1147 1215 1201; x_wconf 88' lang='lat'><strong>170</strong></span> 
     </span>
    </p>

    <p class='ocr_par' dir='ltr' id='par_1_10' title="bbox 163 1223 945 1311">
     <span class='ocr_line' id='line_1_10' title="bbox 163 1223 945 1311; baseline -0.003 -20"><span class='ocrx_word' id='word_1_64' title='bbox 163 1226 331 1292; x_wconf 88' lang='lat' dir='ltr'><strong>inmemor</strong></span> <span class='ocrx_word' id='word_1_65' title='bbox 347 1225 420 1311; x_wconf 92' lang='lat' dir='ltr'><strong>ipse</strong></span> <span class='ocrx_word' id='word_1_66' title='bbox 437 1224 489 1290; x_wconf 92' lang='lat' dir='ltr'><strong>sui</strong></span> <span class='ocrx_word' id='word_1_67' title='bbox 507 1246 576 1290; x_wconf 93' lang='lat' dir='ltr'><strong>non</strong></span> <span class='ocrx_word' id='word_1_68' title='bbox 592 1223 676 1288; x_wconf 88' lang='lat' dir='ltr'><strong>retia</strong></span> <span class='ocrx_word' id='word_1_69' title='bbox 693 1223 780 1289; x_wconf 89' lang='lat' dir='ltr'><strong>ferre</strong></span> <span class='ocrx_word' id='word_1_70' title='bbox 798 1234 945 1300; x_wconf 89' lang='lat' dir='ltr'><strong>recusat,</strong></span> 
     </span>
    </p>

    <p class='ocr_par' dir='ltr' id='par_1_11' title="bbox 163 1331 1060 1419">
     <span class='ocr_line' id='line_1_11' title="bbox 163 1331 1060 1419; baseline -0.002 -20"><span class='ocrx_word' id='word_1_71' title='bbox 163 1356 233 1399; x_wconf 89' lang='lat' dir='ltr'><strong>non</strong></span> <span class='ocrx_word' id='word_1_72' title='bbox 249 1334 397 1398; x_wconf 88' lang='lat' dir='ltr'><strong>tenuisse</strong></span> <span class='ocrx_word' id='word_1_73' title='bbox 414 1352 532 1407; x_wconf 87' lang='lat' dir='ltr'><strong>canes,</strong></span> <span class='ocrx_word' id='word_1_74' title='bbox 551 1353 621 1397; x_wconf 91' lang='lat' dir='ltr'><strong>non</strong></span> <span class='ocrx_word' id='word_1_75' title='bbox 637 1353 698 1417; x_wconf 92' lang='lat' dir='ltr'><strong>per</strong></span> <span class='ocrx_word' id='word_1_76' title='bbox 710 1331 797 1419; x_wconf 82' lang='lat' dir='ltr'><strong>juga</strong></span> <span class='ocrx_word' id='word_1_77' title='bbox 814 1331 937 1397; x_wconf 92' lang='lat' dir='ltr'><strong>montis</strong></span> <span class='ocrx_word' id='word_1_78' title='bbox 953 1331 1060 1418; x_wconf 91' lang='lat' dir='ltr'><strong>iniqui</strong></span> 
     </span>
    </p>

    <p class='ocr_par' dir='ltr' id='par_1_12' title="bbox 163 1437 1155 1635">
     <span class='ocr_line' id='line_1_12' title="bbox 163 1437 1155 1528; baseline -0.002 -22"><span class='ocrx_word' id='word_1_79' title='bbox 163 1440 231 1506; x_wconf 89' lang='lat' dir='ltr'><strong>isse</strong></span> <span class='ocrx_word' id='word_1_80' title='bbox 249 1461 385 1515; x_wconf 90' lang='lat' dir='ltr'><strong>comes;</strong></span> <span class='ocrx_word' id='word_1_81' title='bbox 411 1440 585 1528; x_wconf 87' lang='lat' dir='ltr'><strong>longaque</strong></span> <span class='ocrx_word' id='word_1_82' title='bbox 602 1438 661 1503; x_wconf 90' lang='lat' dir='ltr'><strong>alit</strong></span> <span class='ocrx_word' id='word_1_83' title='bbox 678 1437 897 1503; x_wconf 88' lang='lat' dir='ltr'><strong>assuetudine</strong></span> <span class='ocrx_word' id='word_1_84' title='bbox 913 1437 1085 1505; x_wconf 86' lang='lat' dir='ltr'><strong>flammas.</strong></span> <span class='ocrx_word' id='word_1_85' title='bbox 1153 1451 1155 1455; x_wconf 83' lang='lat'>&#39;</span> 
     </span>
     <span class='ocr_line' id='line_1_13' title="bbox 211 1545 1079 1635; baseline 0.001 -23"><span class='ocrx_word' id='word_1_86' title='bbox 211 1548 375 1635; x_wconf 85' lang='lat' dir='ltr'><strong>‘Jamque</strong></span> <span class='ocrx_word' id='word_1_87' title='bbox 393 1547 463 1612; x_wconf 91' lang='lat' dir='ltr'><strong>fere</strong></span> <span class='ocrx_word' id='word_1_88' title='bbox 481 1547 613 1612; x_wconf 88' lang='lat' dir='ltr'><strong>medius</strong></span> <span class='ocrx_word' id='word_1_89' title='bbox 629 1546 734 1611; x_wconf 88' lang='lat' dir='ltr'><strong>Titan</strong></span> <span class='ocrx_word' id='word_1_90' title='bbox 749 1545 917 1612; x_wconf 90' lang='lat' dir='ltr'><strong>venientis</strong></span> <span class='ocrx_word' id='word_1_91' title='bbox 934 1557 967 1612; x_wconf 92' lang='lat' dir='ltr'><strong>et</strong></span> <span class='ocrx_word' id='word_1_92' title='bbox 982 1557 1079 1614; x_wconf 90' lang='lat' dir='ltr'><strong>actae</strong></span> 
     </span>
    </p>

    <p class='ocr_par' dir='ltr' id='par_1_13' title="bbox 163 1653 1214 1741">
     <span class='ocr_line' id='line_1_14' title="bbox 163 1653 1214 1741; baseline -0.003 -22"><span class='ocrx_word' id='word_1_93' title='bbox 163 1659 273 1720; x_wconf 89' lang='lat' dir='ltr'><strong>noctis</strong></span> <span class='ocrx_word' id='word_1_94' title='bbox 289 1666 373 1729; x_wconf 91' lang='lat' dir='ltr'><strong>erat,</strong></span> <span class='ocrx_word' id='word_1_95' title='bbox 393 1654 571 1741; x_wconf 88' lang='lat' dir='ltr'><strong>spatioque</strong></span> <span class='ocrx_word' id='word_1_96' title='bbox 587 1653 662 1739; x_wconf 88' lang='lat' dir='ltr'><strong>pari</strong></span> <span class='ocrx_word' id='word_1_97' title='bbox 679 1653 826 1718; x_wconf 87' lang='lat' dir='ltr'><strong>distabat</strong></span> <span class='ocrx_word' id='word_1_98' title='bbox 841 1653 1031 1740; x_wconf 83' lang='lat' dir='ltr'><strong>utrimque:</strong></span> <span class='ocrx_word' id='word_1_99' title='bbox 1165 1682 1214 1741; x_wconf 78' lang='lat'><strong>175</strong></span> 
     </span>
    </p>
   </div>
   <div class='ocr_carea' id='block_1_3' title="bbox 47 1747 965 1847">
    <p class='ocr_par' dir='ltr' id='par_1_14' title="bbox 47 1747 965 1847">
     <span class='ocr_line' id='line_1_15' title="bbox 47 1747 965 1847; baseline -0.004 -19"><span class='ocrx_word' id='word_1_100' title='bbox 47 1747 54 1760; x_wconf 57' lang='lat'>⁸</span> <span class='ocrx_word' id='word_1_101' title='bbox 164 1781 306 1846; x_wconf 91' lang='lat' dir='ltr'><strong>corpora</strong></span> <span class='ocrx_word' id='word_1_102' title='bbox 322 1773 415 1826; x_wconf 89' lang='lat' dir='ltr'><strong>veste</strong></span> <span class='ocrx_word' id='word_1_103' title='bbox 433 1761 561 1835; x_wconf 87' lang='lat' dir='ltr'><strong>levant,</strong></span> <span class='ocrx_word' id='word_1_104' title='bbox 581 1770 615 1825; x_wconf 90' lang='lat' dir='ltr'><strong>et</strong></span> <span class='ocrx_word' id='word_1_105' title='bbox 630 1781 712 1825; x_wconf 92' lang='lat' dir='ltr'><strong>suco</strong></span> <span class='ocrx_word' id='word_1_106' title='bbox 730 1760 868 1847; x_wconf 81' lang='lat' dir='ltr'><strong>pinguis</strong></span> <span class='ocrx_word' id='word_1_107' title='bbox 885 1760 965 1826; x_wconf 88' lang='lat' dir='ltr'><strong>olivi</strong></span> 
     </span>
    </p>
   </div>
   <div class='ocr_carea' id='block_1_4' title="bbox 163 1866 1216 3879">
    <p class='ocr_par' dir='ltr' id='par_1_15' title="bbox 163 1866 1216 3879">
     <span class='ocr_line' id='line_1_16' title="bbox 164 1866 1017 1955; baseline -0.002 -21"><span class='ocrx_word' id='word_1_108' title='bbox 164 1869 419 1955; x_wconf 90' lang='lat' dir='ltr'><strong>splendescunt,</strong></span> <span class='ocrx_word' id='word_1_109' title='bbox 438 1867 564 1955; x_wconf 90' lang='lat' dir='ltr'><strong>latique</strong></span> <span class='ocrx_word' id='word_1_110' title='bbox 580 1866 699 1932; x_wconf 89' lang='lat' dir='ltr'><strong>ineunt</strong></span> <span class='ocrx_word' id='word_1_111' title='bbox 715 1867 902 1933; x_wconf 88' lang='lat' dir='ltr'><strong>certamina</strong></span> <span class='ocrx_word' id='word_1_112' title='bbox 919 1867 1017 1934; x_wconf 89' lang='lat' dir='ltr'><strong>disci.</strong></span> 
     </span>
     <span class='ocr_line' id='line_1_17' title="bbox 211 1967 1113 2061; baseline 0.002 -21"><span class='ocrx_word' id='word_1_113' title='bbox 211 1967 350 2061; x_wconf 70' lang='lat' dir='ltr'><strong>‘Quem</strong></span> <span class='ocrx_word' id='word_1_114' title='bbox 366 1974 460 2060; x_wconf 90' lang='lat' dir='ltr'><strong>prius</strong></span> <span class='ocrx_word' id='word_1_115' title='bbox 477 1974 587 2039; x_wconf 70' lang='lat' dir='ltr'><strong>adrias</strong></span> <span class='ocrx_word' id='word_1_116' title='bbox 604 1973 762 2038; x_wconf 91' lang='lat' dir='ltr'><strong>libratum</strong></span> <span class='ocrx_word' id='word_1_117' title='bbox 779 1973 941 2040; x_wconf 91' lang='lat' dir='ltr'><strong>Phoebus</strong></span> <span class='ocrx_word' id='word_1_118' title='bbox 957 1975 993 2040; x_wconf 89' lang='lat' dir='ltr'><strong>in</strong></span> <span class='ocrx_word' id='word_1_119' title='bbox 1010 1996 1113 2042; x_wconf 86' lang='lat' dir='ltr'><strong>auras</strong></span> 
     </span>
     <span class='ocr_line' id='line_1_18' title="bbox 164 2081 962 2169; baseline -0.004 -21"><span class='ocrx_word' id='word_1_120' title='bbox 164 2083 267 2157; x_wconf 86' lang='lat' dir='ltr'><strong>misit,</strong></span> <span class='ocrx_word' id='word_1_121' title='bbox 286 2093 319 2148; x_wconf 89' lang='lat' dir='ltr'><strong>et</strong></span> <span class='ocrx_word' id='word_1_122' title='bbox 334 2082 508 2168; x_wconf 93' lang='lat' dir='ltr'><strong>oppositas</strong></span> <span class='ocrx_word' id='word_1_123' title='bbox 525 2081 658 2169; x_wconf 87' lang='lat' dir='ltr'><strong>disjecit</strong></span> <span class='ocrx_word' id='word_1_124' title='bbox 674 2081 826 2166; x_wconf 86' lang='lat' dir='ltr'><strong>pondere</strong></span> <span class='ocrx_word' id='word_1_125' title='bbox 843 2083 962 2148; x_wconf 90' lang='lat' dir='ltr'><strong>nubes.</strong></span> 
     </span>
     <span class='ocr_line' id='line_1_19' title="bbox 164 2188 1216 2276; baseline -0.002 -21"><span class='ocrx_word' id='word_1_126' title='bbox 164 2190 283 2255; x_wconf 88' lang='lat' dir='ltr'><strong>recidit</strong></span> <span class='ocrx_word' id='word_1_127' title='bbox 298 2189 333 2254; x_wconf 93' lang='lat' dir='ltr'><strong>in</strong></span> <span class='ocrx_word' id='word_1_128' title='bbox 350 2189 494 2255; x_wconf 85' lang='lat' dir='ltr'><strong>solidam</strong></span> <span class='ocrx_word' id='word_1_129' title='bbox 511 2188 617 2276; x_wconf 85' lang='lat' dir='ltr'><strong>longo</strong></span> <span class='ocrx_word' id='word_1_130' title='bbox 633 2199 710 2274; x_wconf 93' lang='lat' dir='ltr'><strong>post</strong></span> <span class='ocrx_word' id='word_1_131' title='bbox 725 2200 877 2274; x_wconf 90' lang='lat' dir='ltr'><strong>tempore</strong></span> <span class='ocrx_word' id='word_1_132' title='bbox 894 2200 1020 2254; x_wconf 90' lang='lat' dir='ltr'><strong>terram</strong></span> <span class='ocrx_word' id='word_1_133' title='bbox 1166 2207 1216 2262; x_wconf 81' lang='lat'><strong>180</strong></span> 
     </span>
     <span class='ocr_line' id='line_1_20' title="bbox 164 2295 1076 2384; baseline -0.002 -22"><span class='ocrx_word' id='word_1_134' title='bbox 164 2297 311 2383; x_wconf 76' lang='lat' dir='ltr'><strong>pondua,</strong></span> <span class='ocrx_word' id='word_1_135' title='bbox 330 2306 362 2361; x_wconf 90' lang='lat' dir='ltr'><strong>et</strong></span> <span class='ocrx_word' id='word_1_136' title='bbox 379 2295 533 2360; x_wconf 88' lang='lat' dir='ltr'><strong>exhibuit</strong></span> <span class='ocrx_word' id='word_1_137' title='bbox 544 2295 700 2384; x_wconf 88' lang='lat' dir='ltr'><strong>junctam</strong></span> <span class='ocrx_word' id='word_1_138' title='bbox 716 2316 794 2360; x_wconf 91' lang='lat' dir='ltr'><strong>cum</strong></span> <span class='ocrx_word' id='word_1_139' title='bbox 812 2295 940 2362; x_wconf 91' lang='lat' dir='ltr'><strong>viribus</strong></span> <span class='ocrx_word' id='word_1_140' title='bbox 956 2309 1076 2362; x_wconf 88' lang='lat' dir='ltr'><strong>artem.</strong></span> 
     </span>
     <span class='ocr_line' id='line_1_21' title="bbox 164 2402 981 2491; baseline 0 -23"><span class='ocrx_word' id='word_1_141' title='bbox 164 2405 318 2490; x_wconf 88' lang='lat' dir='ltr'><strong>protinus</strong></span> <span class='ocrx_word' id='word_1_142' title='bbox 333 2403 533 2488; x_wconf 89' lang='lat' dir='ltr'><strong>imprudens</strong></span> <span class='ocrx_word' id='word_1_143' title='bbox 551 2414 714 2490; x_wconf 90' lang='lat' dir='ltr'><strong>actusque</strong></span> <span class='ocrx_word' id='word_1_144' title='bbox 732 2402 892 2491; x_wconf 87' lang='lat' dir='ltr'><strong>cupidine</strong></span> <span class='ocrx_word' id='word_1_145' title='bbox 909 2403 981 2470; x_wconf 93' lang='lat' dir='ltr'><strong>ludi</strong></span> 
     </span>
     <span class='ocr_line' id='line_1_22' title="bbox 163 2509 1064 2596; baseline 0.001 -20"><span class='ocrx_word' id='word_1_146' title='bbox 163 2513 282 2576; x_wconf 91' lang='lat' dir='ltr'><strong>tollere</strong></span> <span class='ocrx_word' id='word_1_147' title='bbox 299 2509 514 2576; x_wconf 89' lang='lat' dir='ltr'><strong>Taenarides</strong></span> <span class='ocrx_word' id='word_1_148' title='bbox 530 2510 646 2575; x_wconf 91' lang='lat' dir='ltr'><strong>orbem</strong></span> <span class='ocrx_word' id='word_1_149' title='bbox 666 2512 891 2596; x_wconf 81' lang='lat' dir='ltr'><strong>properabat3</strong></span> <span class='ocrx_word' id='word_1_150' title='bbox 918 2523 952 2577; x_wconf 88' lang='lat' dir='ltr'><strong>at</strong></span> <span class='ocrx_word' id='word_1_151' title='bbox 967 2512 1064 2578; x_wconf 91' lang='lat' dir='ltr'><strong>illum</strong></span> 
     </span>
     <span class='ocr_line' id='line_1_23' title="bbox 164 2616 929 2705; baseline 0.001 -21"><span class='ocrx_word' id='word_1_152' title='bbox 164 2619 250 2684; x_wconf 91' lang='lat' dir='ltr'><strong>dura</strong></span> <span class='ocrx_word' id='word_1_153' title='bbox 267 2637 504 2703; x_wconf 88' lang='lat' dir='ltr'><strong>repercussum</strong></span> <span class='ocrx_word' id='word_1_154' title='bbox 522 2616 664 2705; x_wconf 88' lang='lat' dir='ltr'><strong>subjecit</strong></span> <span class='ocrx_word' id='word_1_155' title='bbox 679 2617 715 2681; x_wconf 91' lang='lat' dir='ltr'><strong>in</strong></span> <span class='ocrx_word' id='word_1_156' title='bbox 732 2623 814 2683; x_wconf 72' lang='lat' dir='ltr'><strong>aera</strong></span> <span class='ocrx_word' id='word_1_157' title='bbox 828 2620 929 2686; x_wconf 88' lang='lat' dir='ltr'><strong>tellus</strong></span> 
     </span>
     <span class='ocr_line' id='line_1_24' title="bbox 164 2723 1214 2813; baseline 0.009 -25"><span class='ocrx_word' id='word_1_158' title='bbox 164 2723 199 2788; x_wconf 89' lang='lat' dir='ltr'><strong>in</strong></span> <span class='ocrx_word' id='word_1_159' title='bbox 216 2725 342 2800; x_wconf 89' lang='lat' dir='ltr'><strong>vultus,</strong></span> <span class='ocrx_word' id='word_1_160' title='bbox 362 2723 572 2811; x_wconf 77' lang='lat' dir='ltr'><strong>Hyacinthe,</strong></span> <span class='ocrx_word' id='word_1_161' title='bbox 590 2733 678 2789; x_wconf 90' lang='lat' dir='ltr'><strong>tuos.</strong></span> <span class='ocrx_word' id='word_1_162' title='bbox 727 2724 906 2811; x_wconf 88' lang='lat' dir='ltr'><strong>Expalluit</strong></span> <span class='ocrx_word' id='word_1_163' title='bbox 921 2746 1030 2813; x_wconf 90' lang='lat' dir='ltr'><strong>aeque</strong></span> <span class='ocrx_word' id='word_1_164' title='bbox 1165 2742 1214 2813; x_wconf 82' lang='lat'><strong>185</strong></span> 
     </span>
     <span class='ocr_line' id='line_1_25' title="bbox 164 2830 1109 2919; baseline 0.003 -23"><span class='ocrx_word' id='word_1_165' title='bbox 164 2853 267 2918; x_wconf 89' lang='lat' dir='ltr'><strong>quam</strong></span> <span class='ocrx_word' id='word_1_166' title='bbox 285 2851 370 2918; x_wconf 91' lang='lat' dir='ltr'><strong>puer</strong></span> <span class='ocrx_word' id='word_1_167' title='bbox 385 2831 459 2917; x_wconf 92' lang='lat' dir='ltr'><strong>ipse</strong></span> <span class='ocrx_word' id='word_1_168' title='bbox 475 2830 580 2905; x_wconf 89' lang='lat' dir='ltr'><strong>deus;</strong></span> <span class='ocrx_word' id='word_1_169' title='bbox 606 2831 844 2919; x_wconf 90' lang='lat' dir='ltr'><strong>collapsosque</strong></span> <span class='ocrx_word' id='word_1_170' title='bbox 861 2833 989 2919; x_wconf 87' lang='lat' dir='ltr'><strong>excipit</strong></span> <span class='ocrx_word' id='word_1_171' title='bbox 1005 2841 1109 2910; x_wconf 85' lang='lat' dir='ltr'><strong>artus,</strong></span> 
     </span>
     <span class='ocr_line' id='line_1_26' title="bbox 165 2937 1060 3015; baseline 0.003 -13"><span class='ocrx_word' id='word_1_172' title='bbox 165 2950 198 3003; x_wconf 92' lang='lat' dir='ltr'><strong>et</strong></span> <span class='ocrx_word' id='word_1_173' title='bbox 214 2939 315 3004; x_wconf 94' lang='lat' dir='ltr'><strong>modo</strong></span> <span class='ocrx_word' id='word_1_174' title='bbox 331 2949 364 3003; x_wconf 93' lang='lat' dir='ltr'><strong>te</strong></span> <span class='ocrx_word' id='word_1_175' title='bbox 381 2937 522 3014; x_wconf 88' lang='lat' dir='ltr'><strong>refovet,</strong></span> <span class='ocrx_word' id='word_1_176' title='bbox 542 2938 643 3003; x_wconf 93' lang='lat' dir='ltr'><strong>modo</strong></span> <span class='ocrx_word' id='word_1_177' title='bbox 659 2937 766 3003; x_wconf 85' lang='lat' dir='ltr'><strong>tristia</strong></span> <span class='ocrx_word' id='word_1_178' title='bbox 782 2939 925 3005; x_wconf 90' lang='lat' dir='ltr'><strong>vulnera</strong></span> <span class='ocrx_word' id='word_1_179' title='bbox 941 2940 1060 3015; x_wconf 90' lang='lat' dir='ltr'><strong>siccat,</strong></span> 
     </span>
     <span class='ocr_line' id='line_1_27' title="bbox 164 3044 1096 3132; baseline 0.001 -22"><span class='ocrx_word' id='word_1_180' title='bbox 164 3066 258 3110; x_wconf 89' lang='lat' dir='ltr'><strong>nunc</strong></span> <span class='ocrx_word' id='word_1_181' title='bbox 275 3045 425 3109; x_wconf 90' lang='lat' dir='ltr'><strong>animam</strong></span> <span class='ocrx_word' id='word_1_182' title='bbox 441 3045 587 3110; x_wconf 90' lang='lat' dir='ltr'><strong>admotis</strong></span> <span class='ocrx_word' id='word_1_183' title='bbox 603 3044 792 3132; x_wconf 87' lang='lat' dir='ltr'><strong>fugientem</strong></span> <span class='ocrx_word' id='word_1_184' title='bbox 809 3046 952 3112; x_wconf 87' lang='lat' dir='ltr'><strong>sustinet</strong></span> <span class='ocrx_word' id='word_1_185' title='bbox 968 3047 1096 3113; x_wconf 88' lang='lat' dir='ltr'><strong>herbis.</strong></span> 
     </span>
     <span class='ocr_line' id='line_1_28' title="bbox 212 3151 1100 3235; baseline 0.003 -19"><span class='ocrx_word' id='word_1_186' title='bbox 212 3151 295 3216; x_wconf 87' lang='lat' dir='ltr'><strong>‘Nil</strong></span> <span class='ocrx_word' id='word_1_187' title='bbox 313 3161 454 3235; x_wconf 91' lang='lat' dir='ltr'><strong>prosunt</strong></span> <span class='ocrx_word' id='word_1_188' title='bbox 470 3163 580 3216; x_wconf 76' lang='lat' dir='ltr'><strong>artest</strong></span> <span class='ocrx_word' id='word_1_189' title='bbox 605 3161 677 3216; x_wconf 91' lang='lat' dir='ltr'><strong>erat</strong></span> <span class='ocrx_word' id='word_1_190' title='bbox 692 3151 945 3219; x_wconf 88' lang='lat' dir='ltr'><strong>immedicabile</strong></span> <span class='ocrx_word' id='word_1_191' title='bbox 961 3155 1100 3221; x_wconf 86' lang='lat' dir='ltr'><strong>vulnus.</strong></span> 
     </span>
     <span class='ocr_line' id='line_1_29' title="bbox 165 3257 1216 3352; baseline 0.004 -30"><span class='ocrx_word' id='word_1_192' title='bbox 165 3269 202 3322; x_wconf 93' lang='lat' dir='ltr'><strong>ut</strong></span> <span class='ocrx_word' id='word_1_193' title='bbox 217 3258 246 3323; x_wconf 93' lang='lat' dir='ltr'><strong>si</strong></span> <span class='ocrx_word' id='word_1_194' title='bbox 262 3257 339 3345; x_wconf 87' lang='lat' dir='ltr'><strong>quis</strong></span> <span class='ocrx_word' id='word_1_195' title='bbox 354 3257 464 3322; x_wconf 85' lang='lat' dir='ltr'><strong>violas</strong></span> <span class='ocrx_word' id='word_1_196' title='bbox 480 3258 624 3344; x_wconf 84' lang='lat' dir='ltr'><strong>riguove</strong></span> <span class='ocrx_word' id='word_1_197' title='bbox 640 3279 793 3344; x_wconf 90' lang='lat' dir='ltr'><strong>papaver</strong></span> <span class='ocrx_word' id='word_1_198' title='bbox 807 3258 844 3323; x_wconf 93' lang='lat' dir='ltr'><strong>in</strong></span> <span class='ocrx_word' id='word_1_199' title='bbox 861 3261 971 3338; x_wconf 90' lang='lat' dir='ltr'><strong>horto,</strong></span> <span class='ocrx_word' id='word_1_200' title='bbox 1166 3293 1216 3352; x_wconf 83' lang='lat'><strong>¹90</strong></span> 
     </span>
     <span class='ocr_line' id='line_1_30' title="bbox 165 3363 930 3454; baseline 0.001 -24"><span class='ocrx_word' id='word_1_201' title='bbox 165 3365 304 3451; x_wconf 88' lang='lat' dir='ltr'><strong>liliaque</strong></span> <span class='ocrx_word' id='word_1_202' title='bbox 320 3363 485 3452; x_wconf 86' lang='lat' dir='ltr'><strong>infringat</strong></span> <span class='ocrx_word' id='word_1_203' title='bbox 500 3363 601 3429; x_wconf 87' lang='lat' dir='ltr'><strong>fulvis</strong></span> <span class='ocrx_word' id='word_1_204' title='bbox 618 3364 793 3430; x_wconf 91' lang='lat' dir='ltr'><strong>haerentia</strong></span> <span class='ocrx_word' id='word_1_205' title='bbox 809 3365 930 3454; x_wconf 90' lang='lat' dir='ltr'><strong>virgis,</strong></span> 
     </span>
     <span class='ocr_line' id='line_1_31' title="bbox 166 3453 1041 3561; baseline 0.003 -24"><span class='ocrx_word' id='word_1_206' title='bbox 166 3472 319 3538; x_wconf 89' lang='lat' dir='ltr'><strong>marcida</strong></span> <span class='ocrx_word' id='word_1_207' title='bbox 336 3471 512 3536; x_wconf 90' lang='lat' dir='ltr'><strong>demittant</strong></span> <span class='ocrx_word' id='word_1_208' title='bbox 528 3471 638 3537; x_wconf 89' lang='lat' dir='ltr'><strong>subito</strong></span> <span class='ocrx_word' id='word_1_209' title='bbox 654 3453 757 3558; x_wconf 80' lang='lat' dir='ltr'><strong>caput</strong></span> <span class='ocrx_word' id='word_1_210' title='bbox 772 3472 832 3537; x_wconf 90' lang='lat' dir='ltr'><strong>illa</strong></span> <span class='ocrx_word' id='word_1_211' title='bbox 847 3485 1041 3561; x_wconf 87' lang='lat' dir='ltr'><strong>gravatum,</strong></span> 
     </span>
     <span class='ocr_line' id='line_1_32' title="bbox 165 3579 1099 3665; baseline 0.005 -20"><span class='ocrx_word' id='word_1_212' title='bbox 165 3601 231 3645; x_wconf 90' lang='lat' dir='ltr'><strong>nec</strong></span> <span class='ocrx_word' id='word_1_213' title='bbox 248 3601 284 3644; x_wconf 92' lang='lat' dir='ltr'><strong>se</strong></span> <span class='ocrx_word' id='word_1_214' title='bbox 301 3579 501 3654; x_wconf 88' lang='lat' dir='ltr'><strong>sustineant,</strong></span> <span class='ocrx_word' id='word_1_215' title='bbox 521 3590 740 3665; x_wconf 74' lang='lat' dir='ltr'><strong>spectentque</strong></span> <span class='ocrx_word' id='word_1_216' title='bbox 757 3580 937 3646; x_wconf 88' lang='lat' dir='ltr'><strong>cacumine</strong></span> <span class='ocrx_word' id='word_1_217' title='bbox 952 3593 1099 3649; x_wconf 86' lang='lat' dir='ltr'><strong>terram:</strong></span> 
     </span>
     <span class='ocr_line' id='line_1_33' title="bbox 165 3685 963 3775; baseline 0.005 -25"><span class='ocrx_word' id='word_1_218' title='bbox 165 3686 216 3751; x_wconf 91' lang='lat' dir='ltr'><strong>sic</strong></span> <span class='ocrx_word' id='word_1_219' title='bbox 231 3686 344 3750; x_wconf 89' lang='lat' dir='ltr'><strong>vultus</strong></span> <span class='ocrx_word' id='word_1_220' title='bbox 360 3685 509 3751; x_wconf 91' lang='lat' dir='ltr'><strong>moriens</strong></span> <span class='ocrx_word' id='word_1_221' title='bbox 521 3685 626 3773; x_wconf 89' lang='lat' dir='ltr'><strong>jacet,</strong></span> <span class='ocrx_word' id='word_1_222' title='bbox 645 3696 679 3750; x_wconf 92' lang='lat' dir='ltr'><strong>et</strong></span> <span class='ocrx_word' id='word_1_223' title='bbox 693 3685 827 3751; x_wconf 88' lang='lat' dir='ltr'><strong>defecta</strong></span> <span class='ocrx_word' id='word_1_224' title='bbox 843 3686 963 3775; x_wconf 86' lang='lat' dir='ltr'><strong>vigore</strong></span> 
     </span>
     <span class='ocr_line' id='line_1_34' title="bbox 165 3791 1057 3879; baseline 0.003 -22"><span class='ocrx_word' id='word_1_225' title='bbox 165 3791 241 3879; x_wconf 90' lang='lat' dir='ltr'><strong>ipsa</strong></span> <span class='ocrx_word' id='word_1_226' title='bbox 259 3792 322 3856; x_wconf 92' lang='lat' dir='ltr'><strong>sibi</strong></span> <span class='ocrx_word' id='word_1_227' title='bbox 338 3803 389 3856; x_wconf 85' lang='lat' dir='ltr'><strong>est</strong></span> <span class='ocrx_word' id='word_1_228' title='bbox 404 3792 499 3856; x_wconf 93' lang='lat' dir='ltr'><strong>oneri</strong></span> <span class='ocrx_word' id='word_1_229' title='bbox 516 3791 634 3856; x_wconf 89' lang='lat' dir='ltr'><strong>cervix</strong></span> <span class='ocrx_word' id='word_1_230' title='bbox 651 3793 861 3878; x_wconf 88' lang='lat' dir='ltr'><strong>humeroque</strong></span> <span class='ocrx_word' id='word_1_231' title='bbox 878 3797 1057 3862; x_wconf 87' lang='lat' dir='ltr'><strong>recumbit.</strong></span> 
     </span>
    </p>
   </div>
   <div class='ocr_carea' id='block_1_5' title="bbox 213 3896 1092 3990">
    <p class='ocr_par' dir='ltr' id='par_1_16' title="bbox 213 3896 1092 3990">
     <span class='ocr_line' id='line_1_35' title="bbox 213 3896 1092 3990; baseline 0.009 -28"><span class='ocrx_word' id='word_1_232' title='bbox 213 3898 252 3940; x_wconf 62' lang='lat'><strong>‘⁸</strong></span> <span class='ocrx_word' id='word_1_233' title='bbox 264 3896 423 3974; x_wconf 88' lang='lat' dir='ltr'><strong>Laberis,</strong></span> <span class='ocrx_word' id='word_1_234' title='bbox 442 3896 623 3974; x_wconf 90' lang='lat' dir='ltr'><strong>Oebalide,</strong></span> <span class='ocrx_word' id='word_1_235' title='bbox 641 3898 753 3986; x_wconf 91' lang='lat' dir='ltr'><strong>prima</strong></span> <span class='ocrx_word' id='word_1_236' title='bbox 768 3898 924 3966; x_wconf 89' lang='lat' dir='ltr'><strong>fraudate</strong></span> <span class='ocrx_word' id='word_1_237' title='bbox 937 3901 1092 3990; x_wconf 87' lang='lat' dir='ltr'><strong>juventa,</strong></span> 
     </span>
    </p>
   </div>
   <div class='ocr_carea' id='block_1_6' title="bbox 0 0 1403 4356">
    <p class='ocr_par' dir='ltr' id='par_1_17' title="bbox 0 0 1403 4356">
     <span class='ocr_line' id='line_1_36' title="bbox 0 0 1403 4356; baseline 0 0"><span class='ocrx_word' id='word_1_238' title='bbox 0 0 1403 4356; x_wconf 95' lang='lat' dir='ltr'><strong> </strong></span> 
     </span>
    </p>
   </div>
  </div>
 </body>
</html>
