2790 4356
194 182 372 254 X111.785.]
475 167 545 234 The
574 168 718 255 Cyclops
741 168 983 256 Polyphemus.
1176 184 1237 251 131

189 364 334 449 pulcher
350 373 384 428 et
399 364 529 430 octonis
547 364 667 429 iterum
685 366 855 431 natalibus
873 365 967 442 actiS,

190 472 343 559 signarat
357 471 461 536 dubia
479 484 614 535 teneras
632 471 796 558 lanugine
815 458 935 536 malas.

191 578 283 643 hunc
299 564 378 666 ego,
399 600 452 642 me
472 575 624 663 Cyclops
641 579 735 640 nulla
754 601 831 642 cum
848 580 916 645 fine
933 579 1069 664 petebat
1080 601 1089 652 3
1191 606 1240 662 755

191 707 268 760 nec,
286 686 313 750 si
330 684 529 772 quaesieris
549 684 664 749 odium
684 682 860 770 Cyclopis,
881 705 1019 750 amorne

189 791 310 858 Acidis
327 793 361 857 in
378 793 475 858 nobis
494 790 594 855 fuerit
612 793 835 875 praesentior,
856 793 979 855 edam:

191 921 254 986 par
269 912 448 986 utrumque
466 900 538 963 fuit.
590 895 678 961 Prol
704 909 830 982 quanta
848 899 997 982 potentia
1014 899 1112 985 regni

191 1019 254 1082 est,
271 1007 391 1072 Venus
408 1010 511 1082 alma,
531 1003 599 1070 tui!
626 1023 749 1088 nempe
767 1004 824 1067 ille
842 1004 979 1068 immitis
996 1017 1029 1068 et
1045 1005 1128 1090 ipsis

191 1115 380 1179 horrendus
397 1115 503 1189 silvis,
523 1125 555 1178 et
572 1112 665 1176 visus
684 1111 727 1174 ab
746 1110 878 1195 hospite
895 1111 989 1176 nullo
1189 1126 1242 1194 760

190 1222 342 1306 impune,
361 1234 394 1287 et
411 1222 527 1311 magni
546 1243 624 1286 cum
642 1221 694 1285 dis
713 1233 924 1303 contemptor
941 1219 1098 1306 Olympi,

176 1329 272 1415 ,quid
289 1329 331 1393 sit
347 1351 442 1394 amor
458 1330 569 1405 sentit,
588 1326 761 1413 nostrique
780 1327 939 1410 cupidine
957 1339 1077 1412 captus

190 1436 308 1511 uritur,
328 1437 450 1501 oblitus
466 1419 628 1521 pecorum
648 1446 890 1518 antrorumque
908 1455 1060 1498 suorum.

230 1542 378 1629 Jamque
394 1543 452 1607 tibi
469 1543 611 1612 formae,
626 1541 767 1629 jamque
784 1551 834 1604 est
852 1537 910 1603 tibi
928 1560 1010 1603 cura
1027 1539 1201 1624 placendi,

186 1646 258 1736 jam
275 1649 403 1735 rigidos
421 1649 527 1738 pectis
545 1649 673 1723 rastris,
692 1646 920 1732 Polypheme,
940 1646 1104 1730 capillos;
1190 1662 1239 1732 765

186 1756 257 1844 jam
275 1756 355 1821 libet
372 1757 536 1821 hirsutam
553 1756 611 1820 tibi
629 1756 716 1819 falce
734 1753 886 1819 recidere
903 1753 1058 1828 barbam,
1272 1747 1274 1752 ⁴

189 1874 222 1926 et
238 1875 392 1952 spectare
409 1863 498 1927 feros
514 1863 549 1926 in
566 1883 668 1949 aqua,
687 1873 720 1927 et
736 1881 941 1946 componere
958 1861 1081 1925 vultus.

189 1969 305 2033 caedis
322 1989 417 2034 amor
433 1969 615 2056 feritasque
632 1969 770 2055 sitisque
788 1968 955 2030 immensa
973 1965 1103 2032 cruoris

189 2086 335 2152 cessant,
355 2086 387 2140 et
402 2086 492 2140 tutae
509 2076 715 2162 veniuntque
733 2075 925 2160 abeuntque
942 2073 1092 2138 carinae.

187 2181 353 2248 Telemus
369 2183 497 2247 interea
514 2181 666 2248 Siculam
686 2182 818 2247 delatus
837 2181 880 2244 ad
898 2178 1047 2255 Aetnen,
1188 2208 1240 2264 770

188 2289 352 2354 Telemus
369 2289 587 2376 Eurymides,
606 2311 709 2376 quem
726 2289 820 2352 nulla
837 2287 1003 2352 fefellerat
1018 2289 1103 2363 ales

187 2397 371 2461 terribilem
404 2396 643 2484 Polyphemon
681 2396 770 2470 adit3
802 2394 982 2460 ‘Lumen’
1013 2417 1093 2482 que,
1127 2395 1239 2485 ‘quod

322 2525 447 2568 unum·
1116 2577 1117 2582 ἵ

187 2609 297 2675 fronte
313 2611 404 2698 geris
421 2611 547 2688 media,
566 2610 675 2696 rapiet
690 2610 769 2676 tibi'
788 2610 872 2676 dixit
888 2611 896 2641 ‘
910 2611 1059 2678 Ulixes!
1092 2621 1095 2626 ’

187 2718 272 2792 risit,
290 2729 323 2782 et
338 2717 391 2784 ‘0
407 2730 522 2782 vatum
540 2718 770 2794 stolidissime,
790 2719 940 2786 falleris'
957 2722 1086 2810 inquit:

187 2824 310 2889 ‘altera
323 2824 396 2913 jam
412 2825 548 2910 rapuit.'
594 2823 654 2890 Sic
672 2826 796 2890 frustra
813 2849 893 2892 vera
912 2842 1107 2896 monentem
1187 2861 1237 2918 775

187 2932 327 3016 spernit,
346 2942 379 2996 et
396 2943 453 2996 aut
470 2931 631 3019 gradiens
648 2932 779 3020 ingenti
799 2934 896 2999 litora
915 2957 1020 3020 passu

188 3040 365 3125 degravat,
384 3050 442 3103 aut
458 3039 567 3104 sessus
583 3040 647 3104 sub
663 3061 773 3124 opaca
790 3042 966 3106 revertitur
983 3055 1092 3109 antra.

230 3142 404 3211 Prominet
420 3146 455 3211 in
471 3157 612 3233 pontum
629 3161 795 3216 cuneatus
812 3152 969 3216 acumine
986 3151 1091 3240 longo

187 3252 303 3317 collis:
328 3265 508 3340 utrumque
525 3254 614 3320 latus
635 3257 838 3323 circumfluit
854 3258 1011 3346 aequoris
1028 3259 1142 3323 unda:

187 3360 254 3424 huc
270 3359 361 3425 serus
379 3364 530 3430 ascendit
549 3364 715 3453 Cyclope,
735 3365 935 3452 mediusque
951 3364 1077 3430 resedit
1087 3385 1097 3439 3
1186 3381 1237 3448 780

186 3467 363 3554 lanigerae
380 3472 543 3556 pecudes,
562 3473 656 3538 nullo
673 3473 831 3548 ducente,
851 3483 1000 3537 secutae.

186 3574 240 3638 cui
257 3587 436 3665 postquam
457 3582 570 3667 pinus,
590 3579 704 3646 baculi
721 3601 810 3667 quae
826 3579 983 3664 praebuit
998 3599 1113 3653 usum,

186 3686 386 3770 antepedes
404 3687 513 3774 posita
531 3697 593 3762 est,
613 3686 782 3752 antemnis
799 3697 879 3772 apta
895 3683 1058 3760 ferendis,

185 3806 388 3880 sumptaque
407 3793 630 3859 arundinibus
646 3803 826 3878 compacta
843 3801 894 3857 est
909 3790 1021 3856 fistula
1038 3800 1188 3868 centum,

185 3911 365 3968 senserunt
380 3900 439 3967 toti
454 3899 604 3987 pastoria
621 3899 720 3965 sibila
737 3909 882 3975 montes,
1185 3915 1235 3986 785
