2752 4350
157 199 199 253 ΙΙ.
221 199 294 272 244]
422 178 682 268 Carpingratabn
709 181 757 264 of
770 178 826 244 the
848 175 979 244 Eartb.
1166 186 1206 259 25

154 375 304 464 fissaque
322 377 393 465 agit
409 377 526 452 rimas,
545 388 577 441 et
593 377 684 442 sucis
702 387 774 442 aret
791 375 972 460 ademptis.

155 484 283 571 pabula
300 495 506 558 canescunt3
533 504 610 547 curn
628 483 805 548 frondibus
822 482 930 546 uritur
946 479 1060 557 arbor,

155 590 402 676 materiamque
420 611 482 655 suo
499 589 639 674 praebet
654 609 757 675 seges
774 588 870 653 arida
887 588 1027 652 damno.

155 717 263 782 parva
278 717 422 784 queror:
448 716 597 782 magnae
615 705 759 780 pereunt
774 709 854 759 curn
871 692 1052 759 moenibus
1067 690 1183 767 urbes,

156 823 303 888 cumque
320 801 389 866 suis
405 813 491 868 totas
508 801 643 887 populis
660 801 820 868 incendia
838 812 959 887 gentes
1156 827 1206 886 213

154 908 189 974 in
207 908 357 972 cinerem
374 918 517 972 vertunt.
566 906 683 974 Silvae
701 927 778 972 cum
797 908 967 972 montibus
984 908 1124 972 ardentz

156 1015 253 1080 ardet
267 1012 392 1090 Athos
410 1015 616 1100 Taurusque
634 1012 739 1090 Cilix,
759 1025 792 1080 et
806 1014 950 1080 Tmolus
968 1024 1000 1078 et
1017 1011 1115 1088 Oete,

156 1133 189 1186 et
204 1131 277 1186 tum
293 1121 397 1196 sicca,
417 1120 510 1206 prius
528 1121 753 1196 celeberrima
770 1120 933 1196 fontibus,
950 1120 1026 1196 Ida,

155 1228 400 1315 virgineusque
419 1227 580 1303 Helicon,
599 1238 632 1293 et
649 1229 800 1294 nondum
818 1226 991 1315 Oeagrius
1009 1227 1175 1292 Haemos.

64 1423 68 1429 Ι
157 1335 254 1399 ardet
269 1333 303 1399 in
320 1333 526 1419 immensum
543 1334 727 1422 geminatis
743 1335 882 1423 ignibus
897 1332 1023 1409 Aetne,
1156 1363 1208 1402 220

156 1440 397 1527 Parnasusque
414 1440 545 1526 biceps,
565 1440 710 1528 etEryx
726 1454 759 1507 et
775 1441 934 1528 Cynthus
951 1452 984 1508 et
1000 1439 1143 1527 Othrys,

157 1558 191 1612 et
206 1547 345 1612 tandem
363 1545 499 1612 nivibus
517 1547 689 1634 Rhodope
706 1549 866 1625 caritura,
886 1548 1082 1635 Mimasque

150 1636 403 1740 'Dindymaque
420 1665 454 1720 et
469 1654 610 1740 Mycale
627 1667 794 1743 natusque
811 1657 855 1722 ad
872 1676 970 1720 sacra
988 1639 1185 1720 Cithaeron.

158 1780 224 1826 nec
241 1771 382 1846 prosunt
398 1759 562 1846 Scythiae
579 1783 642 1828 sua
657 1761 807 1850 frigora:
832 1761 1011 1834 Caucasus
1029 1761 1136 1836 ardet,
1178 1785 1180 1788 ·

159 1867 318 1953 Ossaque
335 1887 413 1932 cum
429 1866 552 1944 Pindo,
571 1869 747 1956 majorque
764 1870 930 1934 ambobus
947 1867 1132 1959 Olympus,
1159 1891 1209 1952 2²5

160 1974 342 2060 a'e'riaeque
357 1973 481 2059 Alpes,
499 1986 533 2040 et
547 1976 681 2040 nubiser
697 1975 939 2061 Appenninus.

137 2120 140 2127 ·
204 2080 298 2146 Tum
314 2101 394 2147 vero
411 2081 590 2146 Phaethon
607 2081 738 2147 cunctis
754 2103 773 2146 e
789 2082 942 2168 partibus
958 2082 1076 2147 orbem

160 2187 284 2274 aspicit
300 2207 497 2264 accensum,
515 2209 580 2254 nec
596 2199 707 2253 tantos
724 2190 867 2254 sustinet
884 2199 1009 2264 aestus,

160 2275 518 2380 ferventesqueauras
534 2297 627 2360 velut
643 2316 662 2360 e
679 2295 819 2360 fornace
836 2294 1006 2380 profunda

161 2423 221 2472 ore
237 2401 351 2477 trahit,
370 2421 557 2488 currusque
573 2424 653 2467 suos
670 2402 878 2468 candescere
895 2400 1006 2467 sentit.
1162 2429 1213 2484 230

161 2521 195 2575 et
211 2531 323 2596 neque
335 2508 408 2598 jam
426 2508 559 2575 cineres
576 2509 824 2598 ejectatamque
841 2508 996 2573 favillam

161 2618 252 2683 serre
268 2627 389 2702 potest,
408 2615 588 2701 calidoque
605 2615 788 2679 involvitur
803 2615 953 2701 undique
970 2614 1077 2680 fumo.

162 2743 299 2811 quoque
315 2734 383 2799 eat,
402 2733 460 2788 aut
476 2723 533 2788 ubi
550 2721 605 2797 sit,
624 2722 723 2808 picea
740 2722 888 2808 caligine
905 2732 1012 2786 tectus

163 2831 284 2906 nescit,
303 2841 336 2895 et
352 2829 489 2895 arbitrio
504 2829 684 2896 volucrum
701 2839 852 2914 raptatur
868 2849 1046 2914 equorum.

211 2936 389 3026 Sanguine
405 2949 487 3002 tunc
500 2939 643 3002 credunt
659 2935 695 3000 in
713 2955 856 3021 corpora
873 2954 1007 2999 summa
1022 2944 1144 2999 vocato
1164 2961 1214 3020 ²35

165 3041 375 3129 Aethiopum
391 3045 537 3131 populos
554 3034 693 3131 nigrum
708 3042 854 3108 traxisse
871 3041 1042 3116 colorem3

164 3161 237 3216 tum
255 3150 343 3214 facta
360 3161 411 3216 est
426 3149 539 3236 Libye
556 3151 661 3236 raptis
679 3149 879 3215 humoribus
896 3158 992 3214 aestu

166 3256 284 3331 arida3
308 3266 378 3321 tum
395 3258 572 3344 nymphae
588 3257 699 3343 passis
716 3259 894 3342 sontesque
911 3256 1076 3342 lacusque

167 3362 336 3428 deflevere
353 3363 480 3438 comis3
505 3363 637 3450 quaerit
652 3362 794 3431 Boeotia
812 3363 954 3439 Dircen,

166 3469 283 3558 Argos
299 3468 533 3556 Amymonen,
552 3469 694 3556 Ephyre
710 3470 891 3536 Pirenidas
907 3469 1041 3544 undas3
1166 3495 1217 3548 240

167 3595 233 3642 nec
249 3576 364 3641 sortita
380 3577 455 3641 loco
472 3577 635 3642 distantes
651 3577 793 3642 flumina
810 3578 902 3662 ripas

167 3692 238 3747 tuta
257 3693 415 3746 manent:
441 3683 561 3746 mediis
577 3683 709 3747 Tanais
726 3683 870 3750 fumavit
885 3683 919 3746 in
937 3681 1052 3759 nudie,

167 3787 370 3875 Peneosque
386 3809 507 3864 senex,
524 3789 847 3876 Teuthranteusque
865 3788 1005 3864 Caicus,
1115 3803 1117 3809 ⁴

168 3909 202 3962 et
218 3896 310 3960 celer
326 3895 481 3961 Ismenos
498 3914 576 3970 cum
593 3895 768 3994 Phegiaco
785 3895 1013 3982 Erymantho,
