2752 4350
170 197 332 269 V11.212.]
411 181 493 246 Her
515 181 716 268 Moonlr‘glet
738 177 990 246 lncantate'o'ns·
1179 191 1220 264 71

217 375 306 441 Tres
324 377 465 443 aberant
482 391 611 454 noctes,
631 390 667 444 ut
684 400 812 444 cornua
830 389 898 445 tota
916 377 1045 443 coirent

172 485 412 573 efficerentque
430 487 560 552 orbem.
609 487 795 574 Postquam
814 487 1011 572 plenissima
1028 486 1133 563 fulsit,
1175 503 1224 558 180

173 612 215 656 ac
231 592 339 656 solida
356 604 464 657 terras
482 594 646 679 spectavit
663 593 815 680 imagine
834 594 929 670 luna,

173 699 347 786 egreditur
363 699 459 764 tectis
476 711 588 765 vestes
605 700 723 765 induta
741 700 922 775 recinctas,

148 882 150 888 Ι
172 805 266 869 nuda
283 806 418 892 pedem,
437 805 548 870 nudos
566 806 717 870 humeris
734 801 846 870 infus'a
863 806 1020 891 capillos,

173 910 303 997 fertque
320 932 429 1000 vagos
447 911 580 976 mediae
598 933 659 996 per
675 925 767 976 muta
785 912 919 977 silentia
936 913 1045 979 noctis

173 1017 368 1084 incomitata
385 1019 527 1106 gradus.
579 1018 747 1083 Homines
763 1019 987 1105 volucresque
1005 1021 1164 1108 serasque

173 1127 322 1189 solverat
337 1126 404 1191 alta
421 1126 538 1213 quies;
564 1126 658 1189 nullo
676 1145 753 1189 cum
771 1147 944 1190 murmure
962 1148 1082 1211 sepes;

172 1230 401 1319 immotaeque
418 1233 517 1298 silent
533 1233 690 1306 srondes;
715 1232 792 1296 silet
809 1233 970 1298 humidus
988 1239 1066 1308 ἢδη

173 1338 286 1404 sidera
304 1341 376 1404 sola
395 1339 532 1405 micant.
581 1339 637 1404 Ad
655 1360 743 1426 quae
762 1359 822 1404 sua
839 1339 1003 1407 bracchia
1020 1340 1165 1406 tendens

172 1455 225 1509 ter
241 1468 277 1510 se
294 1447 469 1523 convertit,
488 1458 539 1512 ter
556 1446 698 1531 sumptis
715 1445 856 1510 flumine
875 1446 1003 1511 crinem

172 1551 335 1617 inroravit
351 1554 462 1639 aquis,
480 1554 651 1640 ternisque
670 1552 854 1616 ululatibus
871 1573 932 1617 ora
1176 1585 1225 1640 ¹90

174 1658 292 1732 solvit;
317 1661 399 1729 etin
417 1660 503 1724 dura
520 1661 701 1726 summisso
719 1659 846 1744 poplite
863 1670 953 1724 terra
966 1682 974 1723 ε
985 1698 1031 1711 -

220 1765 342 1830 ‘Nox’
359 1767 405 1831 ait
422 1777 431 1807 ⁶
446 1767 580 1832 arcanis
596 1768 775 1841 fidissima,
794 1787 950 1853 quaeque
968 1767 1099 1869 diurnis

174 1893 278 1936 aurea
295 1894 371 1937 cum
389 1874 471 1938 luna
489 1875 669 1939 succeditis
686 1874 837 1961 ignibus,
857 1885 962 1949 astra,

171 1988 276 2066 tuque
292 1981 417 2066 triceps
437 1981 582 2056 Hecate,
600 2002 689 2067 quae
707 1981 835 2066 coeptis
853 1979 992 2046 conscia
1010 1981 1133 2048 nostris

173 2086 387 2173 adjutrixque
404 2088 512 2161 venis,
532 2100 719 2175 cantusque
738 2100 895 2176 artesque
914 2107 1096 2174 magorum
1173 2119 1221 2176 195

172 2213 329 2278 quaeque
346 2215 481 2282 magos,
499 2194 634 2268 Tellus,
654 2185 859 2280 pollentibus
877 2193 1014 2259 instruis
1031 2194 1160 2269 herbis,

173 2319 344 2386 auraeque
361 2311 394 2365 et
409 2301 500 2364 venti
518 2313 717 2388 montesque
735 2323 921 2388 amnesque
939 2301 1115 2387 lacusque,

172 2405 275 2491 dique
292 2428 410 2472 omnes
427 2428 617 2483 nemorum,
637 2408 739 2494 dique
756 2429 875 2473 omnes
893 2409 1001 2473 noctis
1018 2408 1148 2485 adeste,

171 2534 316 2599 quorum
333 2534 410 2598 ope,
431 2534 508 2578 cum
526 2515 630 2590 volui,
649 2515 731 2601 ripis
749 2515 949 2580 mirantibus
968 2536 1087 2580 amnes

170 2618 207 2682 in
225 2619 333 2684 sontes
350 2620 481 2686 rediere
498 2643 591 2696 suos,
610 2642 846 2708 concussaque
863 2623 957 2698 sisto,
1170 2655 1222 2695 200

172 2725 295 2790 stantia
313 2727 468 2792 concutio
484 2738 586 2792 cantu
604 2727 701 2804 freta,
720 2729 959 2816 nubilape110,

172 2832 357 2919 nubilaque
373 2833 512 2909 induco,
531 2846 649 2900 ventos
667 2835 838 2923 abigoque
855 2859 1023 2926 vocoque,

171 2937 327 3023 vipereas
344 2960 465 3025 rumpo
481 2941 593 3006 verbis
611 2952 643 3006 et
659 2943 811 3008 carmine
830 2944 959 3021 fauces,

170 3045 318 3132 vivaque
335 3067 433 3121 saxa,
452 3067 513 3112 sua
531 3049 763 3135 convulsaque
782 3052 903 3117 robora
921 3064 1010 3117 terra

171 3162 205 3216 et
222 3151 324 3217 silvas
341 3175 473 3229 moveo,
488 3153 660 3242 jubeoque
679 3169 882 3225 tremescere
902 3172 1033 3225 montes
1169 3191 1220 3246 205

171 3270 205 3324 et
223 3259 354 3346 mugire
371 3261 493 3336 solum,
513 3283 700 3350 manesque
717 3266 810 3330 exire
828 3267 1039 3351 sepulchris3

218 3374 226 3405 ‘
239 3364 292 3430 Te
303 3387 451 3454 quoque,
464 3369 579 3447 Luna,
592 3375 703 3448 traho,
714 3373 872 3460 quamvis
882 3373 1074 3438 Temesaea
1085 3372 1221 3438 labores

170 3491 253 3536 aera
268 3483 344 3538 tuos
360 3476 526 3570 minuant,
547 3500 667 3545 currus
685 3479 988 3567 quoquecarmine
1005 3490 1120 3544 nostro

169 3579 275 3664 pallet
291 3581 358 3656 avi,
377 3585 483 3668 pallet
500 3585 623 3651 nostris
639 3584 777 3650 Aurora
794 3585 1012 3650 venenisz-

168 3705 230 3749 vos
248 3686 333 3752 mihi
348 3701 522 3757 taurorum
536 3692 694 3756 flammas
714 3692 910 3766 hebetastis
929 3701 961 3756 et
977 3712 1066 3756 unco
1169 3721 1221 3761 210

168 3791 351 3879 impatiens
368 3797 481 3862 oneris
499 3799 626 3863 collum
644 3797 812 3883 pressistis
831 3808 954 3862 aratro.

167 3922 230 3967 vos
247 3904 499 3992 serpentigenis
515 3904 552 3969 in
568 3925 605 3970 se
622 3905 694 3969 fera
709 3904 800 3968 bella
818 3903 979 3979 dedistis3
