2790 4356
99 301 105 316 ἡ
205 229 270 276 120
418 207 573 297 Rz'valry
597 209 645 296 of
657 205 756 296 Asiax
779 207 853 272 arrd
880 207 1029 295 Ulysses.
1109 225 1253 297 [Mem

202 407 231 473 si
248 417 379 494 perstas
395 417 539 482 certare,
558 406 672 471 locum
689 405 870 470 redeamus
887 403 921 469 in
939 404 1057 469 illum:

202 513 307 578 redde
324 514 470 587 hostem,
487 513 681 598 vulnusque
697 522 806 586 tuum,
826 511 1029 597 solitumque
1046 511 1217 588 timorem,

203 631 278 705 post
294 619 510 705 clipeumque
527 619 607 694 late,
626 629 659 683 et
676 639 810 682 mecum
828 618 995 682 contende
1013 619 1076 684 sub
1094 618 1164 682 illo.

203 736 237 789 at
252 738 433 811 postquam
448 724 570 810 eripui,
590 723 644 789 cui
662 723 772 789 standi
789 723 932 788 vulnera
948 723 1038 790 vires
1218 741 1254 796 80

203 853 271 897 non
289 831 465 906 dederant,
484 830 578 894 nullo
590 829 746 894 tardatus
762 829 903 893 vulnere
919 828 1020 916 fugit.
1061 813 1068 835 ⁸

250 948 258 978 ‘
276 936 406 1002 Hector
421 937 529 1012 adest,
548 956 733 1021 secumque
751 936 833 1000 deos
850 934 884 998 in
902 935 1032 1020 proelia
1049 935 1162 1004 ducit:

203 1063 338 1132 quaque
356 1043 434 1118 ruit,
453 1065 521 1108 non
539 1054 574 1107 tu
592 1054 721 1106 tantum
739 1041 887 1117 terreriS,
906 1041 1026 1119 Ulixe,

203 1151 263 1217 sed
280 1150 382 1216 sortes
399 1151 515 1224 etiam,
534 1160 663 1214 tantum
675 1147 782 1219 ,trahit
798 1148 855 1213 ille
871 1149 1012 1215 timoris.

203 1257 296 1322 hunc
313 1277 379 1344 ego
396 1255 608 1344 sanguineae
625 1275 788 1320 successu
804 1255 919 1321 caedis
937 1268 1095 1324 ovantem
1218 1277 1251 1347 85

203 1364 358 1430 cominus
375 1363 504 1452 ingenti
522 1362 720 1448 resupinum
738 1362 890 1448 pondere
906 1364 999 1440 sudi3

203 1471 296 1537 hunc
313 1492 379 1558 ego
396 1481 605 1556 poscentem,
625 1490 703 1534 cum
719 1489 789 1555 quo
805 1482 1034 1548 concurreret,
1052 1494 1142 1539 unus

203 1577 359 1653 sustinui,
378 1587 570 1663 sortemque
588 1597 700 1641 meam
716 1575 867 1653 vovistis,
885 1576 1026 1654 Achivi,

204 1695 236 1750 et
251 1696 384 1749 vestrae
400 1683 539 1748 valuere
554 1703 687 1768 preces.
736 1682 776 1749 Si
792 1684 953 1771 quaeritis
971 1686 1072 1774 hujus

202 1789 372 1856 fortunam
390 1810 542 1876 pugnae,
561 1811 630 1855 non
646 1811 723 1856 sum
739 1803 920 1878 superatus
938 1793 979 1858 ab
996 1793 1069 1859 illo.
1216 1827 1253 1883 90

203 1919 284 1964 ecce
300 1897 412 1962 serunt
426 1896 537 1962 Troes
553 1896 747 1984 ferrumque
763 1897 949 1986 ignemque
962 1899 1153 1987 Jovemque

202 2003 238 2069 in
256 2004 396 2070 Danaas
412 2005 562 2070 classes:
586 2005 645 2074 ubi
662 2026 755 2070 nunc
771 2005 940 2072 facundus
956 2005 1102 2073 Ulixes?

203 2133 327 2197 nempe
344 2133 411 2200 ego
428 2111 520 2176 mille
537 2133 614 2178 meo
631 2112 763 2198 protexi
779 2124 917 2198 pectore
934 2135 1081 2200 puppes,

203 2240 299 2306 spem
316 2219 418 2286 vestri
434 2219 573 2285 reditus.
623 2218 712 2284 Date
728 2230 776 2284 tot
792 2242 853 2305 pro
870 2220 1015 2286 navibus
1032 2243 1137 2302 arma.

249 2337 259 2367 ⁴
276 2324 380 2413 Qod
396 2325 425 2392 si
441 2347 523 2391 vera
540 2325 619 2391 licet
635 2326 718 2390 mihi
734 2327 862 2401 dicere,
880 2328 1054 2415 quaeritur
1070 2329 1153 2404 istis,
1216 2361 1251 2417 95

203 2454 307 2521 quam
330 2431 427 2509 mihi,
446 2431 555 2521 major
579 2434 701 2511 honos,
727 2433 977 2523 conjunctaque
1001 2435 1112 2522 gloria
1135 2448 1251 2502 nostra

338 2549 408 2605 est:

204 2656 305 2733 atque
319 2643 415 2734 Ajax
431 2644 547 2720 armis,
566 2666 635 2712 non
651 2644 753 2735 Ajaci
770 2667 865 2712 arma
882 2657 1054 2732 petuntur.

203 2753 356 2820 conferat
372 2753 424 2818 his
441 2752 579 2820 Ithacus
595 2753 767 2830 Rhesum,
785 2754 1028 2842 imbellemque
1045 2754 1195 2832 Dolona,

203 2860 470 2948 Priamidenque
487 2861 661 2926 Helenum
677 2872 775 2946 rapta
791 2882 869 2926 cum
887 2860 1031 2928 Pallade
1047 2874 1199 2948 captum.

203 2970 280 3034 luce
296 2969 382 3035 nihil
398 2961 547 3057 gestirm,
566 2967 651 3033 nihil
668 2978 718 3034 est
735 2967 903 3034 Diomede
920 2980 1061 3035 remoto.
1203 3001 1252 3041 100

203 3075 231 3140 si
249 3076 356 3141 semel
372 3075 436 3141 ista
453 3075 540 3140 datis
557 3074 684 3139 meritis
700 3085 768 3139 tam
786 3074 910 3141 vilibus
926 3095 1036 3152 arma,

204 3181 355 3257 dividite,
374 3192 407 3247 et
422 3203 502 3267 pars
518 3181 560 3247 sit
575 3180 684 3267 major
701 3180 879 3247 Diomedis
895 3181 1026 3248 inillis.

203 3309 271 3376 quo
287 3298 403 3352 tamen
419 3289 506 3352 haec
523 3286 664 3353 Ithaco?
687 3288 745 3376 qui
763 3289 865 3365 clam,
884 3289 943 3377 qui
959 3311 1096 3376 semper
1111 3290 1252 3358 inermis
1355 3336 1362 3347 ·

202 3416 275 3460 rem
292 3394 392 3484 gerit,
410 3404 444 3460 et
460 3394 556 3461 furtis
572 3393 746 3460 incautum
764 3396 889 3482 decipit
905 3396 1061 3464 hostem?

202 3500 276 3587 ipse
294 3501 382 3566 nitor
397 3501 519 3588 galeae
535 3501 630 3568 claro
646 3502 810 3569 radiantis
827 3505 871 3569 ab
887 3525 972 3572 auro
1036 3497 1038 3500 ’
1202 3535 1251 3593 105

202 3605 345 3672 insidias
362 3608 494 3694 prodet,
513 3607 810 3696 manifestabitque
826 3609 1000 3677 latentem.

250 3722 258 3752 ‘
275 3711 347 3778 Sed
363 3734 474 3799 neque
492 3712 673 3780 Dulichius
690 3714 754 3779 sub
770 3713 919 3783 Achillis
935 3717 1070 3786 casside
1085 3730 1207 3808 vertex

203 3817 356 3902 pondera
372 3825 465 3882 tanta
477 3817 574 3898 seret,
586 3839 651 3884 nec
663 3841 732 3886 nou
742 3843 887 3888 onerosa
904 3825 1090 3914 gravisque

202 3920 318 3988 Pelias
334 3923 432 3989 hasta
448 3934 558 4011 potest
573 3925 767 3994 imbellibus
783 3948 859 3995 esse
874 3929 1024 4011 lacertis,
