2752 4350
168 222 211 278 11.
235 221 306 294 roa]
400 202 518 270 Perils
541 204 588 288 os
601 202 657 268 the
686 201 851 270 Celestzizl
869 203 987 272 Road.
1150 277 1155 284 ,
1175 227 1215 274 21

166 399 288 466 obvius
304 399 353 466 ire
369 400 470 486 polis,
488 422 532 466 ne
547 411 581 466 te
597 400 684 466 citus
701 400 832 467 auferat
848 401 946 468 axis?
1185 434 1219 493 75

166 506 308 573 forsitan
325 519 358 572 et
373 507 470 572 lucos
485 506 557 572 illic
572 508 743 594 urbesque
760 507 903 574 deorum

166 613 342 699 concipias
358 613 487 688 animo,
506 613 717 700 delubraque
734 614 816 680 ditia
833 614 933 681 donis

166 719 265 785 esse?
289 741 350 806 per
366 720 507 786 insidias
523 719 586 785 iter
602 732 652 786 est
669 720 863 808 formasque
879 722 1043 790 ferarum.

164 837 269 913 utque
285 826 376 890 viam
393 837 525 902 teneas,
544 827 707 913 nulloque
723 848 837 893 errore
853 829 1012 908 traharis,

164 954 228 1018 per
242 944 358 997 tamen
376 933 510 998 adversi
526 933 695 1021 gradieris
711 954 841 998 cornua
857 935 980 1013 Tauri,
1175 957 1219 1012 *80

165 1043 446 1129 Haemoniosque
463 1064 576 1119 arcus,
593 1042 800 1129 violentique
817 1063 876 1108 ora
892 1043 1035 1123 Leonis,

165 1171 336 1237 saevaque
353 1149 496 1214 circuitu
514 1159 713 1214 curvantem
730 1142 871 1216 brachia
887 1150 993 1237 longo

165 1257 347 1342 Scorpion,
366 1267 465 1342 atque
483 1256 580 1321 aliter
596 1268 795 1320 curvantem
812 1256 954 1322 brachia
970 1256 1158 1324 Cancrum.

163 1385 229 1429 nec
245 1364 305 1429 tibi
319 1363 562 1450 quadrupedes
579 1363 752 1428 animosos
769 1361 907 1448 ignibus
924 1363 1004 1440 illis,

163 1492 250 1557 quos
262 1470 302 1558 Ιἱιι
318 1481 454 1556 pectore
473 1470 612 1545 habent,
630 1491 715 1556 quos
732 1491 790 1534 ore
808 1481 841 1534 et
857 1469 996 1536 naribus
1013 1472 1142 1549 efflant,
1182 1491 1215 1561 35
1299 1466 1304 1475 ‘

163 1579 198 1642 in
217 1588 374 1662 promptu
391 1598 512 1664 regere
530 1589 600 1641 est:
624 1577 683 1640 vix
701 1597 754 1641 me
772 1576 958 1661 patiuntur,
976 1579 1035 1644 ubi
1052 1600 1148 1645 acres

55 1752 58 1758 ,
162 1684 337 1750 incaluere
355 1683 472 1757 animi,
492 1683 676 1770 cervixque
693 1695 864 1770 repugnat
880 1683 1035 1750 habenis.

210 1790 282 1854 ‘At
297 1800 346 1866 tu,
364 1790 488 1854 funesti
505 1811 547 1855 ne
564 1790 628 1854 sim
646 1789 705 1856 tibi
723 1789 872 1855 muneris
890 1802 1019 1868 auctor,

162 1907 255 1972 nate,
273 1917 372 1971 cave,
389 1897 471 1962 dum
487 1917 609 1982 resque
627 1894 718 1972 sinit,
736 1907 795 1960 tua
814 1896 948 1984 corrige
964 1909 1055 1963 vota.

163 2003 293 2069 scilicet
307 2014 344 2068 ut
360 2014 475 2068 nostro
493 2003 646 2090 genitum
662 2014 695 2068 te
712 2002 882 2096 sanguine
898 2004 1033 2080 credas,
1181 2039 1216 2096 90
1282 2087 1283 2090 Ἴ

162 2110 309 2197 pignora
325 2122 417 2176 certa
433 2110 540 2196 petis:
565 2110 609 2176 do
626 2110 772 2197 pignora
789 2122 881 2174 certa
898 2110 1063 2188 timendo,

163 2227 195 2282 et
211 2216 320 2302 patrio
336 2227 433 2302 pater
448 2237 524 2280 esse
542 2228 633 2280 metu
650 2217 786 2302 probor.
837 2215 967 2302 Aspice
982 2218 1096 2284 vultus

163 2344 244 2388 ecce
261 2343 376 2388 meos:
400 2323 600 2409 utinamque
616 2323 735 2388 oculos
751 2323 787 2387 in
804 2335 942 2409 pectora
954 2344 1079 2409 posses

160 2430 325 2505 inserere,
343 2440 376 2494 et
392 2430 520 2515 patrias
536 2429 627 2495 intus
644 2429 857 2515 deprendere
874 2450 974 2496 curas
988 2427 995 2494 l

161 2536 310 2622 denique
326 2536 490 2623 quioquid
507 2525 610 2602 h'abet
626 2536 722 2602 dives
737 2534 997 2624 (circumspice)
1012 2537 1174 2615 mundus,

161 2663 248 2730 eque
265 2654 312 2708 tot
329 2663 370 2708 ac
386 2642 488 2707 tantis
504 2642 591 2707 caeli
608 2652 787 2728 terraeque
799 2643 977 2730 wmarisque

159 2770 264 2836 posce
280 2749 379 2815 bonis
396 2749 547 2836 aliquid:
572 2749 704 2814 nullam
721 2749 850 2835 patiere
866 2750 1052 2835 repulsam.
1078 2809 1080 2814 ,

160 2860 327 2945 deprecor
343 2860 409 2925 hoc
425 2881 546 2936 unum,
564 2858 657 2946 quod
672 2879 755 2924 vero
771 2857 910 2924 nomine
927 2877 1053 2943 poena,

159 2987 229 3030 non
246 2967 355 3033 honor
371 2977 443 3032 est:
460 2987 622 3053 poenam,
640 2965 834 3041 Phaethon,
849 2987 911 3051 pro
927 2985 1070 3030 munere
1082 2963 1209 3052 poscis.

159 3071 242 3158 quid
259 3093 336 3138 mea
352 3073 441 3152 colla
457 3083 553 3140 tenes
568 3071 717 3148 blandis,
735 3072 870 3160 ignare,
889 3069 1047 3137 lacertis?
1072 3081 1074 3086 '
1161 3103 1211 3142 100

158 3198 204 3244 ne
221 3179 349 3255 dubita,
367 3178 709 3266 dabitur—Stygias
727 3178 917 3268 juravimus
933 3173 1123 3243 undasl-
1214 3205 1222 3218 κ

158 3286 398 3374 quodcumque
415 3286 563 3372 optaris:
587 3287 649 3352 sed
664 3297 701 3350 tu
716 3284 903 3371 sapientius
919 3284 1023 3371 opta.’

203 3391 355 3458 Finierat
371 3393 538 3468 monitus,
564 3393 663 3458 dictis
677 3405 794 3458 tamen
809 3391 867 3456 ille
883 3400 1067 3478 repugnat,

158 3499 436 3586 propositumque
452 3499 587 3585 premit,
605 3499 798 3586 flagratque
814 3497 975 3583 cupidine
992 3517 1124 3564 currus.

159 3626 242 3692 ergo
258 3625 327 3692 qua
343 3605 449 3681 licuit,
469 3606 603 3692 genitor
619 3615 810 3679 cunctatus,
829 3604 873 3669 ad
890 3604 975 3669 altos
1159 3632 1208 3692 [ος

157 3701 296 3782 deducit
307 3712 484 3804 juvenem,
502 3711 675 3778 Vulcania
692 3731 849 3787 munera,
867 3731 1000 3775 currus.

158 3839 282 3884 aureus
299 3819 374 3884 axis
391 3830 476 3894 erat,
495 3829 586 3884 temo
603 3839 740 3894 aureus,
760 3838 865 3883 aurea
882 3836 1039 3883 summae

157 3935 339 3992 curvatura
355 3936 462 4003 rotae,
479 3924 653 3991 radiorum
670 3935 853 4012 argenteus
869 3924 965 3990 ordo.

628 4187 632 4196 “
645 4207 660 4248 x
