2752 4350
177 196 218 268 72
407 184 479 250 The
500 184 775 252 Enchantments
799 189 846 272 os
859 186 1000 251 Medea
1082 205 1226 276 [Marum.

177 362 421 468 custodemque
438 382 558 447 rudem
575 383 685 448 somni
703 383 850 469 sopistis
870 394 903 448 et
921 405 1041 448 aurum

175 487 311 553 vindice
329 488 472 574 decepto
489 488 614 554 Graias
633 489 769 554 misistis
786 479 822 553 in
839 491 955 554 urbes.

223 604 232 634 ‘
245 593 282 658 N
284 615 351 659 unc
364 616 449 679 opus
463 606 513 660 est
529 595 632 670 sucis,
648 617 709 680 per
721 601 806 683 quos
820 607 983 661 renovata
1000 606 1157 663 senectus
1177 627 1227 684 215

176 699 212 765 in
228 700 347 765 florem
363 701 492 776 redeat,
510 701 706 788 primosque
723 702 904 790 recolligat
921 723 1041 768 annos.

176 818 210 872 et
225 807 369 882 dabitis3
394 828 505 894 neque
523 808 613 873 enirn
632 809 822 873 micuerunt
838 808 951 874 sidera
968 809 1106 886 frustra,

176 934 242 978 nec
258 913 380 978 frustra
397 916 574 979 volucrum
592 925 720 980 tractus
737 915 869 1008 cervice
886 915 1075 980 draconum

177 1040 296 1085 currus
314 1020 431 1086 adest?
477 1019 610 1086 Aderat
626 1021 794 1088 demissus
813 1022 856 1085 ab
873 1022 1011 1086 aethere
1028 1043 1160 1088 currus.

222 1124 303 1211 Quo
319 1127 420 1192 simul
437 1128 603 1202 ascendit,
623 1129 823 1215 frenataque
841 1128 929 1193 colla
946 1129 1136 1194 draconum
1175 1162 1228 1201 220

167 1234 367 1319 permulsit,
386 1235 611 1321 manibusque
628 1234 722 1300 leves
740 1235 882 1321 agitavit
898 1235 1072 1300 habenas:
1160 1299 1162 1304 .

176 1339 330 1406 sublimis
348 1340 489 1426 rapitur,
508 1341 729 1428 subjectaque
745 1341 918 1406 Thessala
934 1340 1069 1426 Tempe

176 1445 332 1532 despicit,
351 1457 383 1511 et
398 1445 554 1512 Threces
571 1447 769 1535 regionibus
786 1447 936 1532 applicat
953 1468 1108 1535 angues3

175 1564 208 1617 et
224 1573 309 1638 quas
326 1550 416 1617 Ossa
432 1553 519 1627 tulit,
537 1574 624 1640 quas
642 1554 746 1618 altum
763 1553 883 1619 Pelion
900 1554 1038 1630 herbaS,

176 1658 305 1744 Othrys
322 1680 407 1745 quas
424 1658 622 1746 Pindusque
639 1671 674 1725 et
689 1659 799 1726 Pindo
817 1660 925 1748 major
942 1659 1127 1747 Olympus,
1174 1691 1224 1748 ²²5
1251 1655 1256 1662 ’

174 1765 348 1853 perspicit,
367 1777 400 1832 et
416 1767 558 1852 placitas
574 1768 698 1854 partim
716 1767 831 1834 radice
849 1767 994 1844 revellit,

174 1872 297 1959 partim
314 1855 458 1938 succidit
473 1875 672 1940 curvamine
689 1875 786 1940 falcis
803 1878 924 1939 aenae.

174 1979 281 2044 multa
297 2000 432 2068 quoque
448 1979 602 2065 Apidani
619 1983 823 2067 placuerunt
839 1981 998 2068 gramina
1014 1979 1109 2067 ripis,

173 2079 281 2150 multa¹
291 2107 426 2173 quoque
437 2085 626 2174 Amphrysi
639 2111 647 2162 ;
666 2108 777 2175 neque
790 2109 867 2154 eras
879 2087 1053 2165 immunis,
1066 2087 1201 2174 Enipeu
1214 2111 1223 2164 3

173 2213 238 2257 nec
255 2213 325 2258 non
341 2192 492 2268 Peneus,
511 2215 575 2259 nec
592 2215 661 2260 non
678 2193 909 2280 Spercheides
925 2194 1040 2260 undae
1169 2227 1225 2282 ²30

173 2299 387 2364 contribuere
404 2299 546 2387 aliquid,
562 2299 776 2387 juncosaque
793 2300 891 2366 litora
909 2299 1055 2366 Boebes.

173 2406 300 2492 carpsit
315 2417 348 2472 et
363 2405 518 2472 Euboica
535 2406 639 2470 vivax
655 2405 862 2473 Anthedone
880 2428 1038 2495 gramen,

172 2513 324 2579 nondum
342 2525 470 2580 mutato
485 2514 664 2602 vulgatum
682 2535 822 2601 corpore
840 2514 976 2580 Glauci.

217 2619 261 2684 Et
272 2618 344 2708 jam
361 2641 453 2685 nona
469 2621 542 2686 dies
558 2641 660 2686 curru
676 2621 867 2707 pennisque
883 2622 1085 2700 draconum,

171 2749 330 2817 nonaque
347 2750 417 2794 nox
433 2747 552 2794 omnes
569 2729 768 2794 lustrantem
786 2728 918 2794 viderat
934 2749 1050 2817 agros,
1169 2763 1221 2821 235

172 2858 250 2902 cum
267 2837 385 2904 rediit:
410 2859 521 2925 neque
537 2848 634 2903 erant
648 2836 741 2913 tacti,
765 2835 831 2902 nisi
846 2836 965 2913 odore,
983 2838 1163 2916 dracones,

171 2955 334 3010 ettamen
352 2965 504 3010 annosae
521 2944 645 3031 pellem
664 2965 809 3030 posuere
826 2955 997 3009 senectae.

171 3051 318 3117 constitit
335 3052 521 3118 adveniens
540 3051 623 3116 citra
639 3050 812 3138 limenque
829 3051 1002 3138 foresque,

172 3169 204 3222 et
220 3168 351 3222 tantum
369 3159 466 3224 caelo
482 3157 621 3245 tegitur,
639 3157 832 3245 refugitque
848 3156 963 3223 viriles
1033 3201 1037 3209 ι

171 3275 366 3338 contactus;
393 3263 572 3350 statuitque
591 3284 667 3329 aras
685 3285 703 3328 e
721 3263 848 3349 cespite
864 3263 977 3340 binas,
1169 3297 1222 3354 240

170 3370 362 3437 dexteriore
380 3369 543 3446 Hecates,
563 3381 615 3436 ast
630 3371 730 3436 laeva
746 3381 842 3457 parte
853 3369 1035 3456 Juventae.

217 3476 292 3543 Has
307 3477 365 3542 ubi
382 3476 539 3542 verbenis
556 3476 710 3563 silvaque
727 3476 870 3542 incinxit
886 3477 1027 3565 agresti,

171 3583 263 3648 haud
280 3583 397 3670 procul
415 3595 531 3671 egesta
549 3583 727 3650 scrobibus
743 3583 863 3648 tellure
880 3577 1013 3650 duabus

171 3710 270 3754 sacra
287 3690 379 3766 sacit,
398 3691 592 3776 cultrosque
609 3689 643 3754 in
660 3701 798 3776 guttura
812 3690 949 3756 velleris
967 3690 1030 3756 atri

172 3795 307 3871 conicit,
326 3806 360 3860 et
375 3795 508 3880 patulas
526 3796 698 3880 perfundit
714 3795 884 3882 sanguine
900 3795 1020 3862 fossas.
1168 3829 1219 3889 245

170 3911 241 3966 tum
260 3922 362 3985 super
377 3901 562 3988 invergens
578 3900 696 3987 liquidi
714 3901 892 3969 carchesia
907 3903 1044 3984 bacchi,
