2790 4356
191 235 256 288 110
508 220 544 286 T
537 220 579 285 he
603 220 710 308 Story
732 221 781 306 os
792 219 926 286 Medos.
1096 234 1239 307 [Morare

187 417 312 508 pollice
330 413 502 492 sollicitat,
520 438 666 503 quorum
683 415 865 483 dulcedine
882 427 1004 501 captus
1189 443 1239 497 170

188 525 285 591 Pana
297 524 395 613 jubet
411 522 558 589 Tmolus
576 523 728 589 citharae
745 522 955 589 summittere
972 542 1116 588 cannas.

228 631 402 720 Judicium
420 630 597 716 sanctique
614 630 727 716 placet
743 631 909 695 sententia
926 629 1050 694 montis

187 739 356 805 omnibus.
405 734 574 824 Arguitur
588 747 719 813 tamen,
737 748 838 823 atque
854 735 979 824 injusta
995 744 1138 800 vocatur

186 845 288 912 unius
304 865 462 912 sermone
479 842 609 908 Midae.
657 841 736 908 Nec
752 842 873 908 Delius
889 863 990 908 aures

187 953 374 1018 humanam
391 951 530 1017 stolidas
548 947 673 1035 patitur
689 949 835 1015 retinere
852 950 1021 1038 figuram3
1187 975 1236 1034 175

187 1060 248 1125 sed
263 1059 365 1125 trahit
381 1058 415 1124 in
433 1057 594 1144 spatium,
612 1056 771 1143 villisque
788 1057 981 1122 albentibus
997 1054 1129 1142 implet,

186 1164 429 1252 instabilesque
444 1165 531 1230 imas
548 1163 641 1240 lacit,
660 1176 693 1229 et
709 1163 767 1228 dat
783 1184 883 1248 posse
900 1163 1043 1229 moveri.

187 1287 300 1339 cetera
316 1285 394 1340 sunt
410 1271 578 1339 hominis:
603 1281 735 1358 partem
753 1268 987 1336 damnatorio
1002 1290 1122 1346 unam,

185 1379 404 1466 induiturque
421 1399 521 1446 aures
536 1379 626 1444 lente
644 1377 831 1466 gradientis
849 1375 958 1441 aselli.

232 1486 295 1552 Ille
310 1486 450 1574 quidem
467 1486 569 1563 celat,
585 1485 742 1572 turpique
759 1495 900 1551 onerata
918 1482 1048 1568 pudore
1186 1499 1237 1554 180

185 1599 341 1680 tempora
358 1592 538 1679 purpureis
554 1603 696 1678 temptat
711 1593 826 1658 ¹velare
842 1591 957 1665 tiaris;

186 1700 247 1766 sed
263 1700 382 1766 solitus
398 1700 522 1788 longos
537 1699 627 1766 ferro
642 1720 799 1766 resecare
816 1699 960 1786 capillos

184 1807 317 1873 viderat
333 1807 398 1873 hoc
414 1807 576 1873 famulus.
626 1805 710 1892 Qui,
729 1807 807 1873 cu‘m
824 1827 890 1872 nec
906 1805 1052 1892 prodere
1067 1805 1181 1871 visum
1253 1864 1269 1890 ,

185 1914 335 1981 dedecus
352 1909 505 1990 auderet,
523 1913 666 2000 cupiens
683 1913 804 1979 efferre
821 1914 885 1979 sub
903 1934 1018 1990 auras,

184 2042 250 2087 nec
266 2032 381 2108 posset
396 2021 538 2087 reticere
554 2032 683 2098 tamen,
701 2021 842 2097 secedit,
862 2021 1073 2108 humumque
1186 2037 1234 2106 185

184 2128 314 2205 effodit,
331 2139 377 2205 et,
396 2127 525 2195 domini
542 2129 661 2216 quales
678 2127 850 2214 aspexerit
866 2147 980 2204 aures,

183 2257 268 2302 voce
285 2235 386 2302 refert
402 2255 522 2322 parva,
540 2245 718 2321 terraeque
735 2233 962 2300 inmurmurat
977 2235 1143 2309 haustaer
1180 2231 1181 2234 ’

182 2342 416 2429 indiciumque
432 2363 516 2408 suae
532 2341 626 2408 vocis
643 2341 763 2406 tellure
782 2352 918 2428 regesta

182 2449 306 2526 obruit,
325 2459 358 2514 et
373 2449 550 2514 scrobibus
565 2448 687 2514 tacitus
703 2447 847 2513 discedit
861 2447 1000 2533 opertis.

182 2556 303 2622 creber
319 2554 543 2621 arundinibus
558 2554 711 2620 tremulis
727 2554 774 2620 ibi
790 2576 932 2643 surgere
952 2556 1051 2624 lucus
1184 2588 1235 2647 ¹90

182 2660 306 2747 coepit,
325 2672 369 2737 et,
387 2671 424 2727 ut
440 2660 588 2748 primum
604 2662 707 2747 pleno
724 2662 887 2728 maturuit
902 2671 1008 2740 anno,

182 2769 330 2857 prodidit
347 2768 548 2856 agricolam.
597 2767 686 2834 Leni
703 2789 785 2834 nam
801 2780 914 2836 motus
930 2771 974 2837 ab
991 2780 1106 2838 austro

181 2878 301 2969 obruta
317 2876 422 2943 verba
439 2873 553 2952 refert,
572 2874 769 2964 dominique
786 2876 943 2968 coarguit
959 2898 1072 2944 aures.
