2752 4350
146 262 190 316 11.
208 263 270 334 40·l
484 246 615 314 Palace
638 249 687 334 of
699 247 755 313 the
779 246 868 314 Sun.
1161 268 1203 338 19

148 453 384 531 terrarumque
401 444 531 521 orbem,
551 441 767 531 caelumque,
787 445 878 532 quod
896 444 1051 510 imminet
1068 443 1152 512 orbi.

150 551 328 615 caeruleos
345 552 447 616 habet
462 552 555 616 unda
572 552 669 628 deos,
686 552 831 617 Tritona
848 573 1026 627 canorum,

149 656 341 744 Proteaque
359 657 575 745 ambiguum,
592 658 886 745 balaenarumque
904 670 1115 744 prementem

149 762 341 851 Aegaeona
358 765 429 830 suis
446 765 609 830 immania
625 775 724 852 terga
741 765 888 840 lacertis,
1171 798 1202 837 10

151 870 349 957 Doridaque
367 882 400 936 et
415 882 534 947 natas3
560 892 703 958 quarum
722 893 802 957 pars
819 892 902 936 nare
919 872 1064 949 videtur,

150 999 230 1063 pars
246 977 281 1041 in
300 978 389 1043 mole
406 978 529 1043 sedens
546 978 672 1043 virides
689 978 820 1042 siccare
838 978 993 1063 capillos,

150 1084 245 1168 pisce
261 1084 340 1147 vehi
357 1085 548 1170 quaedam:
574 1083 681 1148 facies
699 1105 767 1147 non
785 1085 943 1150 omnibus
959 1107 1042 1162 una,

150 1211 215 1254 nec
232 1191 366 1254 diversa
383 1201 511 1266 tamen,
529 1192 667 1277 qualem
684 1191 783 1255 decet
799 1213 874 1256 esse
892 1214 1057 1256 sororum.

149 1309 240 1362 terra
257 1296 347 1362 viros
364 1293 533 1383 urbesque
551 1298 652 1385 gerit,
671 1298 842 1385 silvasque
859 1299 1029 1386 ferasque,
1170 1329 1200 1386 ,ς

150 1403 361 1489 fluminaque
378 1417 411 1468 et
426 1405 599 1490 nymphas
611 1400 649 1468 'et
666 1416 778 1469 cetera
796 1406 936 1470 numina
953 1408 1052 1470 ruris.

150 1513 239 1575 haec
256 1532 358 1596 super
375 1510 533 1596 imposita
550 1521 601 1575 est
617 1511 704 1574 caeli
722 1511 884 1599 fulgentis
901 1513 1030 1600 imago,

150 1619 320 1705 signaque
337 1639 398 1682 sex
416 1618 544 1682 foribus
561 1618 701 1693 dextris,
721 1621 927 1706 totidemque
943 1619 1098 1686 sinistris.

197 1725 278 1810 Quo
296 1725 397 1789 simul
414 1725 545 1789 acclivo
563 1723 768 1812 Clymeneia
786 1727 891 1791 limite
908 1728 1022 1812 proles

149 1833 257 1906 venit,
276 1841 309 1895 et
324 1831 460 1895 intravit
475 1831 616 1896 dubitati
634 1843 721 1897 tecta
739 1834 902 1918 parentis,

150 1940 306 2025 protinus
323 1939 366 2003 ad
383 1938 510 2024 patrios
527 1960 589 2003 sua
605 1939 670 2004 sert
686 1940 832 2028 vestigia
849 1942 976 2017 vultuS,

151 2045 371 2132 consistitque
389 2046 528 2129 procul:
554 2047 773 2132 nequeenim
791 2047 950 2133 propiora
967 2046 1098 2112 serebat

150 2153 296 2218 lumina.
345 2149 522 2237 Purpurea
540 2153 671 2218 velatus
688 2165 781 2219 veste
799 2155 941 2219 sedebat

149 2260 186 2324 in
203 2259 291 2356 solio
306 2256 467 2324 Phoebus
485 2260 585 2325 claris
603 2262 736 2326 lucente
754 2261 960 2347 smaragdis.

150 2388 172 2432 a
189 2367 310 2432 dextra
327 2367 493 2452 laevaque
511 2367 595 2433 Dies
613 2379 645 2432 et
662 2367 793 2433 Mensis
810 2380 843 2432 et
859 2366 983 2432 Annus
1170 2388 1201 2454 2!

151 2474 371 2561 Saeculaque
388 2484 421 2538 et
437 2474 565 2559 positae
583 2475 700 2560 spatiis
717 2474 918 2561 aequalibus
937 2473 1068 2551 Horae,

149 2582 291 2670 Verque
309 2603 434 2647 novum
453 2582 562 2646 stabat
579 2582 726 2646 cinctum
743 2580 885 2645 florente
902 2601 1049 2655 corona3

151 2694 263 2758 stabat
279 2693 370 2757 nuda
387 2689 514 2754 Aestas
531 2701 564 2753 et
580 2688 696 2773 spicea
713 2699 802 2753 serta
819 2686 981 2774 gerebat3

151 2801 263 2864 stabat
278 2810 311 2864 et
327 2796 557 2871 AuctumnuS,
576 2795 717 2860 calcatis
734 2794 890 2859 sordidus
907 2794 1003 2869 uvis;

152 2918 185 2972 et
201 2906 360 2993 glacialis
379 2905 538 2990 Hiemps,
558 2923 663 2967 canos
681 2901 811 2966 hirsuta
829 2900 985 2985 capillos.
1171 2933 1204 2987 30

197 3013 284 3078 lnde
300 3014 376 3079 loco
393 3013 539 3087 medius,
559 3031 673 3075 rerum
691 3009 838 3074 novitate
855 3017 1037 3092 paventem

152 3118 214 3185 Sol
231 3120 339 3185 oculis
352 3119 536 3208 juvenem,
548 3117 671 3205 quibus
689 3114 810 3200 aspicit
826 3113 954 3189 omnia,
972 3112 1076 3178 vidit:

154 3237 163 3267 6
179 3225 281 3312 Quae
291 3227 300 3254 ’
309 3247 377 3314 que
390 3236 399 3266 6
411 3226 488 3290 viae
499 3225 558 3291 tibi
571 3221 699 3289 causa?
712 3221 793 3309 quid
805 3220 889 3284 hac’
903 3220 950 3284 ait
963 3230 973 3260 ‘
986 3240 1065 3285 arce
1078 3218 1203 3306 petisti,

153 3333 349 3421 progenies,
367 3332 560 3406 Phaethon,
580 3329 674 3394 haud
690 3328 867 3394 infitianda
885 3325 1059 3412 parenti?’

152 3441 211 3506 ille
228 3439 349 3505 resert:
373 3449 381 3480 6
398 3437 430 3504 O
446 3439 506 3503 lux
523 3436 669 3502 inmensi
687 3436 823 3521 publica
841 3433 972 3509 mundi,
1171 3461 1204 3518 35

152 3547 293 3613 Phoebe
310 3556 420 3632 pater,
438 3545 465 3611 si
483 3546 545 3610 das
562 3544 663 3633 hujus
680 3543 764 3607 mihi
781 3541 929 3608 nominis
946 3560 1059 3615 usum,

152 3673 219 3717 nec
235 3650 321 3716 salsa
338 3649 508 3737 Clymene
526 3649 662 3734 culpam
681 3648 744 3711 sub
761 3645 913 3732 imagine
931 3643 1040 3708 celat:

154 3759 301 3845 pignora
317 3759 374 3830 da,
393 3756 539 3844 genitor,
559 3776 620 3839 per
635 3774 724 3840 quae
741 3763 798 3816 tua
815 3772 897 3815 vera
915 3770 1071 3837 propago

154 3866 289 3940 credar,
308 3875 340 3929 et
357 3864 456 3926 hunc*
466 3861 587 3925 animis
604 3881 753 3924 errorem
771 3858 911 3922 detrahe
928 3855 1075 3921 nostris.'

200 3970 354 4036 Dixerat
402 3968 450 4033 At
467 3967 602 4056 genitor
618 3965 746 4030 circum
764 3973 867 4049 caput
882 3983 984 4028 omne
1002 3961 1168 4027 micantes
