2752 4350
138 275 163 329 1.
183 273 261 346 415]
429 251 625 320 Deucalion
651 252 725 316 and
745 201 902 339 l’yr‘rka.

137 455 261 542 detque
278 450 342 517 sibi
360 451 510 526 veniam,
529 450 654 536 pavido
672 459 770 537 rogat
786 471 857 525 ore,
877 460 1046 537 pavetque

42 560 48 570 '
137 563 274 643 laedere
287 558 429 648 jactatis*
442 567 613 622 maternas
631 557 764 621 ossibus
781 557 933 621 umbras,

136 670 267 735 interea
284 675 440 752 repetunt
458 664 570 747 caecis
585 664 730 751 obscura
748 663 902 728 latebris'
927 735 933 746 ,

136 778 242 842 verba
259 776 358 841 datae
375 771 473 838 sortis
489 754 847 856 secum,2lntei*seque
864 771 1028 835 volutant.

136 883 217 949 inde
233 878 491 948 Promethiades
508 876 654 962 placidis
671 876 890 961 Epimethida
907 877 1006 942 dictis
1138 909 1190 966 390

137 991 276 1065 mulcet,
295 999 327 1053 et
344 985 437 1051 ‘Aut
452 983 579 1050 sallax'
596 983 643 1048 ait
660 993 669 1023 ‘
685 995 736 1048 est
752 984 901 1048 sollertia
919 984 1030 1060 nobis,

138 1108 195 1161 aut
211 1095 268 1182 pia
285 1104 374 1169 sunt,
393 1093 593 1177 nullumque
612 1089 709 1154 nefas
727 1090 867 1155 oracula
885 1092 1041 1156 suadent.

137 1199 266 1287 mag'na
283 1219 408 1285 parens
424 1197 532 1260 Terra
552 1205 622 1259 est:
650 1193 782 1278 lapides
799 1194 833 1256 in
852 1214 993 1278 corpore
1010 1206 1121 1261 terrae

136 1327 214 1372 ossa
232 1327 307 1371 reor
323 1304 411 1371 dici:
432 1305 549 1392 jacere
565 1303 628 1396 bos
645 1313 721 1386 post
738 1313 835 1388 terga
848 1301 1034 1388 jubemur!

181 1412 350 1501 Conjugis
366 1411 511 1498 augurio
528 1430 737 1496 quamquam
755 1408 895 1472 Titania
911 1421 1002 1472 mota
1019 1421 1081 1485 est,
1137 1440 1187 1498 395

137 1541 216 1605 spes
232 1530 346 1584 tamen
363 1519 397 1582 in
414 1519 516 1582 dubio
534 1527 604 1590 est3
632 1507 942 1581 adeo‘caelestibus
959 1517 1061 1581 ambo

137 1627 292 1693 diffidunt
310 1624 443 1694 monitis
456 1647 464 1686 :
477 1661 522 1672 -
535 1623 596 1689 sed
612 1623 695 1710 quid
713 1634 878 1709 temptare
897 1621 1053 1687 nocebit?

136 1733 361 1808 descendunt,
378 1733 560 1818 velantque
579 1742 693 1816 caput,
714 1731 914 1817 tunicasque
932 1730 1125 1818 recingunt,

136 1852 169 1906 et
180 1840 294 1928 jussos
311 1839 442 1924 lapides
459 1858 521 1902 sua
539 1849 614 1923 post
629 1838 773 1924 vestigia
792 1838 937 1903 mittunt.

136 1969 221 2014 saxa
233 1985 278 1995 -
290 1947 365 2034 quis
383 1947 447 2010 hoc
464 1946 594 2020 credat,
612 1943 676 2009 nisi
694 1944 737 2010 sit
752 1967 813 2030 pro
829 1955 914 2010 teste
930 1942 1159 2011 vetustas?—

136 2074 263 2140 ponere
280 2052 435 2118 duritiem
453 2073 597 2137 coepere
614 2073 783 2139 suumque
802 2051 965 2140 rigorem,

135 2159 327 2246 mollirique
345 2181 452 2234 mora,
472 2159 669 2246 mollitaque
687 2160 813 2225 ducere
831 2161 990 2226 formam.

135 2289 230 2343 mox,
249 2266 307 2331 ubi
324 2276 515 2342 creverunt,
535 2278 725 2352 naturaque
743 2267 854 2331 mitior
870 2268 937 2332 illis

135 2373 344 2461 contigit‚!ut
359 2372 545 2460 quaedam,
563 2372 614 2437 sic
630 2395 699 2438 non
717 2373 910 2450 manifesta,
929 2373 1037 2439 videri

134 2480 246 2546 forma
262 2491 371 2566 potest
387 2479 547 2553 hominis,
566 2481 626 2544 sed
644 2480 692 2543 uti
710 2481 752 2545 de
770 2503 940 2546 marmore
958 2491 1092 2567 coepte,
1134 2511 1187 2567 405

134 2607 204 2650 non
221 2595 342 2649 exacta
358 2583 453 2658 satis,
473 2583 681 2670 rudibusque
699 2585 872 2650 simillima
889 2586 1011 2674 signis.

134 2712 224 2779 quae
240 2702 353 2756 tamen
371 2713 415 2754 ex
431 2689 497 2754 illis
515 2690 630 2777 aliqu'o
647 2712 726 2776 pars
744 2693 885 2758 humida
903 2715 985 2759 suco

135 2811 168 2864 et
183 2811 317 2863 terrena
334 2796 408 2872 fuit,
427 2817 525 2861 versa
542 2797 644 2862 estin
661 2799 813 2885 corporis
829 2793 951 2865 usum}

134 2907 225 2993 quod
243 2905 389 2970 solidum
406 2916 457 2970 est
471 2903 630 2991 flectique
647 2908 777 2993 nequit,
795 2901 944 2972 mutatur
960 2908 993 2971 in
1012 2890 1110 2983 ossa}

133 3033 223 3099 quae
242 3012 342 3077 modo
357 3032 447 3076 vena
463 3011 536 3087 fuit,
555 3012 618 3077 sub
635 3015 756 3078 eodem
767 3015 911 3079 ¹nomine
928 3014 1073 3089 mansit3
1134 3045 1187 3098 410

133 3119 238 3206 inque
254 3117 348 3183 brevi
366 3119 476 3204 spatio
493 3141 695 3204 superorum
712 3121 852 3185 numine
869 3143 954 3186 saxa

134 3226 239 3290 missa
255 3224 318 3288 viri
335 3227 495 3291 manibus
512 3226 635 3292 faciem
653 3239 787 3293 traxere
803 3227 968 3305 virorum,

133 3343 167 3397 et
183 3332 225 3396 de
243 3331 390 3397 femineo
407 3345 565 3418 reparata
583 3345 634 3399 est
650 3334 778 3398 femina
791 3334 900 3422 jactu.

132 3439 214 3505 inde
232 3459 342 3524 genus
358 3441 482 3505 durum
500 3461 618 3506 sumus
635 3441 885 3530 experiensque
901 3443 1071 3520 laborum,

132 3555 167 3610 et
182 3545 389 3610 documenta
406 3547 542 3625 damus,
559 3567 628 3636 qua
645 3547 752 3614 simus
768 3547 903 3638 origine
919 3547 1001 3613 nati.
1133 3579 1165 3632 41
1169 3577 1184 3636 ς
