2752 4350
161 284 339 358 vl11.347.]
487 266 597 334 Scene
619 269 667 353 eff
680 266 736 333 the
764 266 886 335 Chare.
1024 287 1029 295 ·
1168 267 1209 333 81

160 484 194 537 et
209 494 295 559 quos
311 472 517 560 Hippocobn
536 473 682 561 antiquis
700 473 791 540 misit
805 472 965 561 Amyclis
978 495 987 549 ;

160 577 421 666 Penelopesque
437 601 535 646 socer
551 601 628 645 cum
646 579 831 646 Parrhasio
847 579 1012 654 Ancae03
1162 612 1193 666 31
1197 610 1212 668 ς

160 683 442 772 Ampycidesque
459 707 582 774 sagax,
601 697 634 752 et
650 688 765 752 adhuc
781 707 801 751 a
818 687 966 775 conjuge
981 698 1072 755 tutus

160 791 335 867 Oeclides,
354 793 570 881 nemorisque
587 795 693 860 decus
709 794 875 881 Tegeaea
891 793 1038 881 Lycaei.

206 897 336 964 Rasilis
353 900 433 965 huic
449 922 619 965 summam
638 902 815 966 mordebat
830 901 937 965 fibula
953 912 1105 977 vestem3

160 1005 265 1069 crinis
281 1017 353 1070 erat
368 1007 530 1093 simplex,
548 1007 676 1072 nodum
693 1009 857 1072 collectus
873 1007 909 1071 in
924 1029 1053 1084 unum3

160 1133 206 1176 ex
222 1113 365 1177 humero
382 1114 535 1198 pendens
552 1115 734 1179 resonabat
752 1115 903 1178 eburnea
920 1114 1021 1179 laevo
1161 1146 1213 1200 320

158 1219 304 1282 telorum
322 1231 455 1295 custos3
482 1240 598 1285 arcum
616 1241 752 1307 quoque
769 1221 868 1284 laeva
885 1221 1043 1286 tenebat:

159 1324 237 1389 talis
254 1335 326 1389 erat
342 1326 455 1402 cultu3
480 1326 599 1402 facies,
618 1348 722 1414 quam
740 1326 854 1392 dicere
871 1347 951 1392 vere

157 1429 351 1518 virgineam
368 1432 402 1497 in
420 1454 539 1519 puer0,
559 1433 724 1520 puerilem
742 1433 775 1498 in
792 1433 927 1522 virgine
945 1433 1068 1520 possis.

207 1536 309 1603 Hanc
324 1539 451 1625 pariter
466 1540 562 1616 vidit,
581 1541 706 1626 pariter
723 1540 938 1627 Calydonius
955 1542 1057 1608 heros

158 1645 299 1731 optavit,
318 1658 487 1712 renuente.
499 1647 575 1722 deo,
592 1645 819 1734 flammasque
836 1648 981 1713 latentes
1123 1679 1129 1688 ¹
1161 1678 1212 1736 325

158 1752 284 1828 hausit,
304 1763 336 1818 et
354 1751 519 1829 ‘Oselix,
539 1754 566 1818 si
583 1775 685 1840 quem
701 1754 915 1841 dignabitur'
930 1754 1040 1842 inquit

160 1859 248 1924 ‘ista
263 1859 373 1924 virum
387 1858 416 1924 1’
461 1859 538 1926 Nec
554 1862 653 1946 plura
671 1861 749 1927 sinit
766 1873 969 1949 tempusque
987 1861 1167 1950 pudorque

159 1966 293 2032 dicere:
319 1967 430 2055 majus
446 1990 532 2053 opus
552 1969 669 2055 magni
687 1967 882 2034 certaminis
898 1981 1036 2057 urguet.

205 2073 301 2138 Silva
318 2072 478 2160 frequens
495 2075 660 2151 trabibus,
679 2096 781 2162 quam
802 2076 896 2140 nulla
913 2075 1085 2141 ceciderat
1102 2085 1209 2151 aetas,
1236 2067 1239 2076 ’

158 2179 277 2266 incipit
293 2201 313 2245 a
330 2181 446 2267 plan0‚
467 2182 668 2269 devexaque
686 2183 848 2268 prospicit
865 2203 968 2246 arva:
1159 2213 1211 2267 330

157 2309 226 2374 quo
243 2299 423 2375 postquam
440 2310 565 2354 venere
581 2289 657 2366 viri,
678 2311 757 2375 pars
774 2291 858 2355 retia
874 2290 1029 2365 tendunt,

156 2395 297 2459 vincula
313 2415 393 2481 pars
411 2395 566 2461 adimunt
583 2396 740 2473 canibus,
758 2417 839 2482 pars
855 2416 975 2482 pressa
992 2407 1181 2482 sequuntur

157 2501 258 2589 signa
275 2504 416 2589 pedum,
435 2503 644 2591 cupiuntque
662 2526 761 2570 suum
778 2504 929 2590 reperire
945 2503 1126 2589 periclum.

157 2630 311 2675 concava
327 2611 428 2676 vallis
445 2624 530 2688 erat,
548 2632 616 2699 quo
633 2632 670 2676 se
687 2610 864 2676 demittere
881 2609 944 2675 rivi

157 2718 343 2783 adsuerant
359 2719 519 2804 pluvialis
536 2740 668 2806 aquae:
693 2729 784 2784 tenet
799 2719 868 2804 ima
885 2719 1031 2784 lacunae
1155 2749 1206 2805 335

156 2824 250 2888 lenta
266 2825 355 2889 salix
370 2826 540 2913 ulvaeque
557 2827 651 2891 leves
664 2825 828 2914 juncique
845 2826 1028 2912 palustres,

156 2930 354 3018 viminaque
371 2944 403 2998 et
418 2933 524 3020 longa
542 2953 668 3019 parvae
686 2934 749 2998 sub
767 2933 933 2998 arundine
951 2951 1097 2998 cannae.

204 3036 297 3101 Hinc
313 3059 396 3123 aper
413 3039 544 3105 excitus
561 3039 692 3105 medios
708 3040 878 3105 violentus
895 3038 930 3103 in
948 3038 1064 3104 hostes

156 3143 274 3220 fertur,
292 3155 329 3210 ut
345 3146 499 3212 excussis
516 3145 755 3212 elisirnubibus
773 3146 884 3234 ignes.

157 3250 317 3316 sternitur
332 3252 470 3318 incursu
488 3274 622 3328 nemus,
641 3263 674 3317 et
690 3253 853 3339 propulsa
870 3251 1044 3340 fragorem
1157 3283 1209 3337 340

157 3357 244 3422 silva
260 3359 330 3424 dat.
378 3359 585 3425 Exclamant
597 3359 755 3449 juvence,
774 3371 1018 3446 praetentaque
1035 3357 1112 3424 sorti

155 3466 224 3530 tela
241 3476 356 3531 tenent
372 3468 492 3533 dextra
508 3468 576 3533 lato
594 3467 762 3532 vibrantia
780 3467 881 3531 ferro.

155 3571 214 3636 ille
231 3571 296 3637 ruit
312 3573 510 3661 spargitque
527 3595 645 3650 canes,
664 3585 701 3637 ut
717 3574 860 3660 quisque
879 3570 1002 3637 furenti

156 3679 279 3754 obstat,
297 3692 331 3744 et
346 3681 483 3767 obliquo
502 3682 663 3745 latrantes
681 3679 823 3766 dissipat
840 3680 919 3744 ictu.

156 3785 272 3870 cuspis
289 3785 458 3852 Echionio
474 3787 620 3873 primum
639 3797 790 3851 contorta
808 3787 936 3850 lacerto
1155 3813 1206 3870 345

154 3911 246 3957 vana
263 3892 337 3968 suit,
354 3904 542 3980 truncoque
559 3893 651 3958 dedit
667 3892 742 3956 leve
759 3893 883 3956 vulnus
900 3910 1039 3955 acerno.

155 3998 328 4086 proxima,
347 3999 375 4065 si
392 3999 505 4065 nimiis
522 3998 683 4064 mittentis
698 3997 827 4063 viribus
842 4017 906 4062 usa

674 4105 693 4161 6
