2752 4350
177 208 222 282 24
379 211 419 256 11.
459 191 529 258 The
551 190 757 260 Adventare
780 191 828 277 eff
841 189 1033 257 Phaa’thon.
1083 207 1226 282 [Mamm

177 389 334 477 quamvis
350 390 467 456 tardus
484 412 573 466 eras,
592 401 625 456 et
640 401 673 456 te
689 401 748 454 tua
764 389 916 474 plaustra
932 388 1106 455 tenebant.

222 497 270 561 Ut
285 517 367 561 vero
384 497 691 581 summodespexit
708 497 751 561 ab
769 497 905 560 aethere
921 505 1030 559 terras

175 601 296 668 infelix
314 603 506 678 Phaethon,
525 604 660 689 penitus
677 603 878 688 penitusque
891 601 1060 688 jacentes,

176 709 311 796 palluit,
329 721 361 774 et
377 709 487 776 subito
504 730 619 797 genua
636 709 840 775 intremuere
857 707 989 781 timore,
1179 725 1228 782 180

178 826 322 902 suntque
339 815 447 882 oculis
463 817 624 882 tenebrae
641 837 703 901 per
719 825 849 879 tantum
866 814 983 878 lumen
1000 812 1152 880 obortae.
1231 833 1235 844 '

177 931 210 985 et
222 921 294 1008 jam
311 922 429 988 mallet
444 943 550 1008 equos
567 942 755 1009 numquam
771 920 923 1007 tetigisse
940 930 1121 1006 paternos3
1258 913 1261 917 ’

174 1027 246 1115 jam
264 1049 432 1114 cognosse
448 1049 559 1115 genus
575 1028 682 1115 piget,
701 1039 734 1094 et
749 1027 898 1096 valuisse
913 1027 1090 1114 rogando:

174 1133 245 1221 jam
263 1133 417 1219 Meropis
434 1133 500 1200 dici
517 1134 672 1220 cupiens,
691 1133 736 1198 ita
753 1133 871 1210 sertur,
889 1144 925 1198 ut
941 1146 1018 1198 acta

177 1238 355 1325 praecipiti
380 1240 480 1327 pinus
497 1242 614 1315 borea,
633 1241 688 1306 cui
705 1241 794 1306 victa
811 1240 940 1308 remisit
1178 1258 1226 1328 185

177 1346 273 1410 frena
290 1369 371 1412 suus
388 1359 509 1423 rector,
528 1368 633 1434 quam
649 1346 702 1413 dis
718 1346 871 1434 votisque
887 1346 1034 1433 reliquit.

223 1453 319 1538 Quid
336 1453 459 1518 faciat?
483 1456 626 1520 multum
644 1454 729 1519 caeli
746 1465 822 1538 post
837 1464 935 1540 terga
951 1454 1119 1532 relictum,

177 1571 256 1625 ante
272 1561 390 1626 oculos
407 1561 484 1646 plus
501 1572 571 1628 est:
597 1561 711 1626 animo
729 1560 864 1626 metitur
880 1572 1073 1648 utrumque.

176 1678 211 1732 et
226 1667 328 1732 modo
345 1689 429 1753 quos
446 1667 495 1732 illi
512 1669 617 1734 satum
635 1667 834 1754 contingere
852 1689 919 1733 non
937 1679 999 1745 est,

176 1773 340 1859 prospicit
354 1794 510 1850 occasus,
529 1773 699 1841 interdum
715 1773 853 1860 respicit
867 1785 972 1840 ortus.
1176 1808 1227 1864 ¹90

177 1879 327 1965 quidque
344 1889 437 1967 agat,
456 1879 598 1967 ignarus
614 1891 738 1966 stupet,
757 1891 790 1946 et
806 1900 871 1946 nec
885 1881 982 1946 frena
999 1880 1149 1959 remittit,

75 2037 81 2044 .
176 2006 243 2049 nec
258 1985 403 2050 retinere
420 1987 523 2062 valet,
542 2008 606 2054 nec
622 1987 762 2053 nomina
779 1987 872 2053 novit
888 2009 1067 2074 equorum.

177 2112 298 2178 sparsa
314 2114 449 2179 quoque
465 2092 500 2158 in
517 2093 611 2160 vario
628 2094 756 2180 passim
775 2095 941 2161 miracula
957 2095 1054 2161 caelo

175 2208 418 2285 vastarumque
434 2197 526 2266 videt
542 2199 693 2286 trepidus
710 2200 893 2266 simulacra
910 2200 1073 2265 ferarum.

222 2303 284 2370 Est
300 2305 408 2379 locus,
426 2303 462 2368 in
479 2305 636 2392 geminos
653 2304 711 2369 ubi
728 2305 871 2371 brachia
888 2318 1056 2370 concavat
1072 2325 1173 2374 arcus

176 2409 352 2496 Scorpios,
371 2421 404 2475 et
420 2411 530 2475 cauda
546 2410 714 2498 flexisque
731 2411 900 2497 utrimque
918 2411 1054 2477 lacertis

176 2518 319 2607 porrigit
334 2520 369 2584 in
385 2518 533 2604 spatium
550 2519 726 2607 signorum
744 2520 897 2586 membra
913 2520 1070 2586 duorum.

177 2625 269 2689 hunc
285 2647 370 2710 puer
385 2637 422 2691 ut
438 2626 527 2714 nigri
544 2628 720 2693 madidum
737 2627 860 2693 sudore
876 2626 1001 2694 veneni

175 2731 319 2796 vulnera
337 2744 477 2798 curvata
495 2733 707 2804 minitantem
725 2733 866 2818 cuspide
883 2734 978 2810 vidit,

176 2837 299 2932 mentis
315 2837 414 2924 inops
431 2839 547 2926 gelida
563 2839 743 2905 formidine
760 2841 833 2906 lora
849 2840 990 2906 remisit.
1174 2875 1227 2916 200

175 2965 263 3031 quae
280 2955 459 3031 postquam
477 2967 611 3012 summo
627 2945 770 3034 tetigere
782 2947 932 3035 jacentia
948 2958 1059 3036 tergo,

176 3051 410 3136 exspatiantur
426 3051 517 3137 equi,
535 3053 698 3139 nulloque
714 3053 890 3120 inhibente
906 3075 968 3140 per
984 3075 1086 3122 auras

175 3156 314 3245 ignotae
330 3158 480 3245 regionis
497 3170 590 3234 eunt,
608 3179 744 3246 quaque
760 3159 907 3246 impetus
924 3161 1005 3249 egit,

175 3264 242 3330 hac
258 3265 331 3330 sine
347 3265 426 3352 lege
443 3275 564 3340 ruunt3
590 3267 725 3352 altoque
742 3266 806 3336 sub
823 3269 960 3334 aethere
976 3267 1055 3334 fixis

173 3368 350 3435 incursant
366 3371 484 3446 stellis,
503 3371 707 3457 rapiuntque
724 3394 786 3458 per
802 3373 879 3438 avia
895 3396 1046 3440 currum.
1174 3406 1225 3464 2⁰5

175 3486 208 3541 et
224 3478 326 3543 modo
342 3498 476 3543 summa
493 3488 622 3563 petunt,
641 3479 742 3544 modo
759 3500 821 3564 per
836 3480 968 3546 declive
984 3480 1126 3569 viasque

175 3584 378 3670 praecipites
396 3583 504 3669 spatio
520 3595 630 3650 terrae
647 3585 805 3670 propiore
822 3586 986 3653 feruntur.

174 3688 382 3776 inferiusque
399 3690 469 3755 suis
486 3690 653 3756 fraternos
669 3712 806 3757 currere
823 3691 925 3759 Luna

175 3794 361 3860 admiratur
377 3817 495 3882 equos,
515 3797 739 3883 ambustaque
755 3799 873 3864 nubila
890 3799 1034 3867 fumant.

220 3899 410 3988 Corripitur
425 3901 573 3968 fiammis
590 3912 626 3970 ut
642 3923 798 3991 quaeque
815 3905 993 3985 altissima,
1012 3908 1125 3987 tellus,
1173 3943 1226 3984 210
