2790 4356
198 255 288 311 X111.
301 256 375 328 278.]
534 235 678 328 Battler
697 237 816 322 bry'orc
845 234 951 323 Troy.
1184 250 1247 323 125

197 433 376 509 interim03
403 444 567 500 nonante
583 443 712 511 tamen,
731 455 834 520 quam
852 444 975 502 cuncta
992 432 1091 522 coegi
1156 483 1160 490 -
1197 464 1248 522 245

198 541 356 626 prodere,
376 551 408 607 et
425 540 564 618 edidici,
582 541 664 627 quid
680 541 813 627 perfida
829 539 936 629 Troja
953 553 1101 627 pararet.

198 648 313 714 omnia
331 669 533 738 cognoram,
552 668 618 714 nec
632 648 725 734 quod
742 648 940 733 specularer
955 649 1148 725 habebam3

198 764 232 820 et
243 754 315 844 jam
332 756 500 842 promissa
517 766 672 841 poteram
688 775 768 820 cum
784 755 886 821 laude
903 754 1046 821 reverti:

199 862 292 928 haud
308 873 486 928 contentus
503 883 557 938 eo,
577 861 659 948 petii
675 860 818 927 tentoria
835 861 959 937 Rhesi,

197 967 301 1056 inque
317 968 388 1034 suis
403 968 516 1056 ipsum
532 967 653 1035 castris
669 967 879 1056 comitesque
896 967 1047 1054 peremi:
1197 998 1250 1056 250
1306 1019 1309 1026 -

198 1085 300 1163 atque
316 1075 363 1141 ita
378 1074 516 1162 captivo
531 1075 640 1142 victor
655 1075 811 1162 votisque
827 1074 953 1161 potitus

198 1180 373 1269 ingredior
387 1202 490 1247 curru
506 1182 613 1248 laetos
629 1181 783 1248 imitante
798 1181 1004 1267 triumphos.

199 1288 296 1376 cujus
313 1311 418 1376 equos
435 1288 582 1374 pretium
599 1311 660 1375 pro
677 1300 776 1354 nocte
793 1300 997 1374 poposcerat
1013 1289 1133 1366 hostis,

199 1415 294 1460 arma
312 1408 435 1483 negate
453 1395 551 1471 mihi,
568 1396 738 1482 fueritque
754 1395 938 1484 benignior
953 1395 1068 1484 Ajaxl

245 1500 366 1586 ‘Quid
382 1502 483 1589 Lycii
500 1501 647 1570 referam
664 1501 878 1589 Sarpedonis
895 1503 1036 1592 agmina
1052 1502 1143 1572 ferro
1195 1534 1246 1593 255

198 1608 372 1674 devastata
390 1607 488 1675 meo?
512 1629 591 1674 cum
609 1610 716 1674 multo
732 1609 903 1696 sanguine
919 1609 992 1675 fudi

198 1714 381 1781 Coeranon
398 1715 570 1802 Iphitiden
586 1725 620 1782 et
633 1712 863 1804 Alastoraque
880 1714 1153 1804 Chromiumque

109 1883 115 1896 ,
196 1821 479 1910 Alcandrumque
498 1821 709 1910 Haliumque
730 1822 981 1910 Noemonaque
999 1823 1246 1911 Prytaninque,

198 1928 368 2016 exitioque
386 1930 465 1995 dedi
480 1950 561 1995 cum
577 1921 864 1996 Chersidamante
880 1929 1043 2006 Thoona,

198 2047 231 2101 et
246 2034 456 2122 Charopem,
475 2036 619 2123 fatisque
636 2036 823 2102 immitibus
840 2035 1023 2102 Ennomon
1041 2046 1170 2113 actum,
1196 2052 1249 2107 260

197 2142 322 2230 quique
339 2142 452 2208 minus
469 2143 622 2209 celebres
640 2153 754 2208 nostra
771 2142 834 2208 sub
852 2141 1031 2208 moenibus
1047 2142 1142 2209 urbis

197 2250 410 2334 procubuere
426 2269 543 2316 manu.
592 2247 682 2315 Sunt
696 2259 731 2316 et
747 2246 830 2314 mihi
847 2248 1004 2322 vulnera,
1023 2246 1129 2324 cives,

196 2356 272 2442 ipso
288 2355 433 2441 pulchra
449 2355 546 2422 loco:
571 2375 636 2422 nec
651 2354 751 2421 vanis
768 2354 895 2422 credite
910 2354 1037 2420 verbis.

197 2461 337 2547 aspicite
355 2483 397 2526 en
411 2460 419 2526 l
432 2462 439 2490 ’
454 2473 652 2549 vestemque
669 2482 773 2527 manu
791 2460 946 2536 diduxit;
973 2471 1008 2530 et
1025 2471 1034 2502 ‘
1051 2459 1153 2530 Haec
1168 2472 1248 2551 sunt

196 2580 335 2654 pectora
351 2568 505 2654 semper'
521 2568 567 2634 ait
583 2567 727 2635 ‘vestris
744 2568 895 2636 exercita
912 2569 1027 2636 rebus.
1195 2585 1247 2656 265

197 2684 232 2740 at
247 2674 295 2739 nil
311 2675 477 2760 impendit
492 2696 554 2762 per
568 2685 616 2742 tot
630 2674 857 2742 Telamonius
873 2696 984 2742 annos

196 2781 376 2868 sanguinis
391 2781 427 2846 in
444 2781 567 2856 socios,
585 2792 618 2846 et
634 2781 738 2846 habet
754 2781 827 2848 sine
843 2783 985 2872 vulnere
1002 2803 1140 2870 corpus.
1169 2823 1174 2846 .

243 2897 252 2928 ‘
269 2886 364 2972 Quid
378 2899 494 2952 tamen
512 2888 577 2952 hoc
593 2887 709 2962 refert,
727 2887 756 2952 si
771 2909 810 2954 se
827 2909 890 2974 pro
906 2889 1018 2954 classe
1034 2888 1187 2976 Pelasga

196 3014 293 3058 arma
309 2995 425 3059 tulisse
441 2993 544 3059 refert
560 3005 678 3060 contra
694 2995 875 3080 Troasque
886 2993 1100 3081 Jovemque?

196 3101 439 3188 confiteorque,
457 3100 553 3166 tulit:
576 3122 690 3189 neque
705 3101 799 3167 enim
814 3101 995 3168 benefacta
1011 3101 1164 3190 maligne
1194 3132 1246 3186 270

196 3209 384 3273 detractare
401 3229 515 3274 meum
532 3217 604 3282 est;
628 3208 690 3274 sed
707 3230 750 3274 ne
768 3208 963 3274 communia
980 3209 1074 3275 solus

194 3324 351 3400 occupet,
367 3326 468 3401 atque
484 3314 635 3402 aliquem
651 3315 749 3381 vobis
765 3336 903 3402 quoque
917 3315 1040 3382 reddat
1056 3316 1243 3392 honorem;

195 3421 343 3506 reppulit
358 3419 541 3488 Actorides
558 3422 622 3489 sub
638 3422 792 3510 imagine
808 3434 899 3488 tutus
915 3420 1065 3488 Achillis

195 3527 307 3593 Troas
324 3528 366 3593 ab
383 3528 511 3594 arsuris
528 3549 607 3594 cum
624 3529 807 3595 defensore
822 3529 959 3595 carinis.

195 3655 316 3700 ausum
333 3633 435 3700 etiam
454 3635 626 3701 Hectoreo
643 3636 754 3701 solum
770 3656 974 3702 concurrere
990 3633 1091 3700 marti
1192 3664 1243 3724 275

194 3762 231 3807 se
248 3752 354 3827 putat,
373 3742 497 3808 oblitus
512 3742 674 3830 regisque
690 3743 886 3828 ducumque
904 3742 1053 3828 meique,

192 3869 304 3914 nonus
319 3849 356 3914 in
371 3849 497 3924 officio,
514 3859 548 3913 et
564 3849 737 3933 praelatus
753 3869 895 3914 munere
912 3849 1024 3914 sortis.

194 3954 254 4022 sed
270 3967 386 4023 tamen
402 3967 545 4022 eventus
560 3965 708 4032 vestrae,
725 3953 921 4032 fortissime,
939 3976 1079 4044 pugnae
