2790 4356
175 247 240 316 168
546 247 695 316 Skorter
718 250 855 317 Poems.
1068 265 1213 338 [Auoaas

173 443 282 512 Plena
298 446 360 511 suit
375 446 472 513 vobis
488 447 581 512 omni
598 448 781 513 concordia
798 448 881 522 vita,

218 552 262 618 Et
278 553 368 618 stetit
384 553 428 617 ad
444 553 548 618 finem
565 554 670 641 longa
686 565 858 641 tenaxque
875 554 973 620 fides.

174 657 279 743 Quod
296 659 357 724 suit
372 658 539 748 Argolico
551 658 688 748 juvenis
704 659 864 726 Phoceus
880 660 1039 738 Orestae,
1192 688 1221 746 ις

220 765 297 839 Hoc
312 765 386 842 tihi,
405 767 487 831 dum
503 764 610 841 licuit,
628 767 783 852 psittace,
801 777 910 832 turtur
925 778 1010 834 erat.

174 869 270 955 Qid
284 884 400 937 tamen
417 870 481 940 ista
497 873 595 949 fides,
614 872 697 959 quid
712 872 780 937 rari
797 873 907 939 forma
924 873 1060 950 coloris,

218 976 314 1063 Qid
329 999 398 1043 vox
414 978 585 1044 mutandis
601 978 783 1066 ingeniosa
799 980 905 1057 sonia,

173 1082 268 1168 Quid
280 1084 390 1172 juvat,
408 1095 444 1150 ut
460 1086 559 1150 datus
575 1105 625 1161 es,
643 1097 779 1151 nostrae
796 1087 967 1173 placuisse
983 1085 1142 1174 puellae?

218 1189 342 1256 Infelix
359 1190 472 1256 avium
490 1191 614 1278 gloria,
634 1214 758 1278 nempe
772 1193 881 1282 jaces.
1188 1223 1223 1264 20

172 1297 228 1362 Ta
245 1309 380 1382 poteras
396 1292 538 1384 fragiles
554 1296 668 1383 pinnis
686 1299 847 1366 hebetare
865 1300 1085 1389 zmaragdos,

215 1403 341 1469 Tincta
357 1423 482 1491 gerens
498 1404 601 1470 rubro
617 1403 749 1472 Punica
765 1418 873 1472 rostra
889 1428 1002 1473 croco.

171 1508 251 1575 Non
270 1510 332 1574 fuit
349 1510 382 1574 in
399 1508 497 1575 terris
514 1532 637 1576 vocum
654 1513 869 1579 simulantior
885 1514 978 1579 ales:

217 1615 403 1682 Reddebas
419 1617 538 1683 blaeso
553 1630 624 1684 tam
641 1619 729 1685 bene
746 1621 850 1686 verba
867 1640 962 1686 sono.

171 1722 307 1807 Raptus
324 1743 361 1788 es
377 1721 527 1788 invidia:
553 1747 622 1790 non
638 1737 674 1791 tu
691 1727 763 1791 fera
779 1727 870 1792 bella
886 1726 1071 1801 movebas;

218 1827 385 1894 Garrulus
401 1840 434 1894 et
451 1831 607 1916 placidae
624 1833 720 1919 pacis
736 1843 867 1899 amator
883 1853 973 1899 eras.

172 1933 278 2011 Ecce,
297 1936 487 2004 coturnices
504 1938 591 2004 inter
607 1961 669 2005 sua
686 1940 817 2026 proelia
832 1939 963 2016 vivunt,

216 2041 374 2108 Forsitan
390 2055 424 2109 et
439 2044 523 2110 fiant
539 2045 618 2112 inde
634 2047 828 2134 frequenter
844 2067 944 2112 anus.

172 2146 300 2218 Plenus
317 2172 393 2217 eras
409 2151 573 2219 minimo:
597 2175 662 2218 nec
678 2174 760 2239 prae
777 2153 943 2219 sermonis
961 2171 1078 2219 amore

217 2255 258 2321 In
275 2259 400 2325 multos
416 2270 552 2345 poteras
567 2281 627 2327 ora
645 2280 770 2326 vacare
786 2260 894 2326 cibos.

172 2361 257 2430 Nux
273 2376 346 2431 erat
362 2387 442 2432 esca
458 2366 531 2443 tibi,
550 2387 742 2453 causaeque
759 2386 933 2452 papavera
950 2363 1073 2440 somni,

217 2469 439 2560 Pellebatque
456 2472 545 2538 sitim
562 2473 726 2560 simplicis
742 2494 841 2538 umor
857 2493 980 2560 aquae.

171 2572 275 2644 Vivet
290 2578 381 2644 edax
397 2580 520 2656 vultur,
538 2581 735 2666 ducensque
751 2601 812 2666 per
828 2584 908 2644 aera
925 2599 1031 2667 gyros

218 2685 362 2765 Miluus,
382 2697 415 2753 et
430 2687 567 2774 pluviae
585 2686 748 2774 graculus
766 2697 883 2751 auctor
899 2705 1030 2772 aquae3

172 2789 276 2858 Vivet
291 2805 324 2860 et
340 2794 520 2860 armiferae
538 2793 658 2859 cornix
673 2791 784 2858 invisa
800 2791 996 2869 Minervae,

219 2899 283 2966 Illa
299 2901 437 2989 quidem
454 2901 577 2990 saeclis
593 2899 652 2965 vix
669 2899 830 2964 moritura
846 2919 982 2964 novem.

175 3004 310 3073 Occidit
325 3008 383 3076 ille
399 3010 539 3097 loquax,
559 3009 733 3073 humanae
749 3005 843 3072 vocis
859 3005 991 3093 imago,

219 3112 401 3191 Psittacus
419 3128 572 3181 extremo
589 3135 713 3180 munus
730 3112 774 3178 ab
790 3112 873 3178 orbe
889 3113 1020 3178 datum.

175 3216 314 3303 Optima
331 3220 441 3305 prima
457 3222 528 3288 sere
545 3221 703 3287 manibus
719 3219 897 3306 rapiuntur
913 3217 1048 3294 avaris;

220 3325 410 3411 Implentur
426 3328 577 3394 numeris
593 3328 761 3395 deteriora
778 3326 858 3394 suis.

174 3429 302 3499 Tristia
319 3433 531 3523 Phylacidae
547 3435 726 3502 Thersites
742 3436 863 3500 funera
879 3430 984 3500 vidit:

216 3539 364 3627 Jamque
381 3542 480 3620 cinis,
496 3542 583 3609 vivis
599 3541 771 3617 fratribus,
791 3541 921 3607 Hector
936 3548 1021 3606 erat.

177 3642 273 3727 Quid
288 3647 434 3713 referam
451 3648 589 3715 timidae
606 3657 716 3734 prote
732 3647 790 3732 pia
805 3658 885 3712 vota
902 3646 1053 3733 puellae,

221 3749 312 3815 Vota
328 3756 519 3837 procelloso
536 3776 596 3841 per
613 3774 707 3819 mare
723 3763 821 3838 rapta
839 3752 941 3819 noto?

178 3851 332 3938 Septima
349 3858 409 3924 lux
425 3861 557 3935 aderat,
574 3881 644 3925 non
661 3859 854 3925 exhibitura
871 3869 1085 3946 sequentem,
1193 3886 1227 3946 45

223 3957 268 4023 Et
283 3963 393 4028 stabat
404 3985 515 4030 vacuo
527 3964 601 4053 jam
616 3965 677 4031 tibi
693 3963 804 4030 Parca
821 3966 918 4041 colo;
