2790 4356
151 241 241 296 xm.
260 240 331 313 143.]
463 311 466 316 Ι
498 221 614 312 Reply
638 224 685 310 os
706 225 853 312 Ulysses.
1140 243 1201 298 121

152 440 217 484 nec
233 420 377 505 clipeus,
395 421 481 486 vasti
499 421 650 486 caelatus
666 421 819 508 imagine
836 421 968 498 mundi,
1155 454 1205 494 110

152 526 332 592 conveniet
348 527 487 592 timidae
505 539 674 614 nataeque
691 529 734 592 ad
751 529 839 592 furta
857 528 1027 594 sinistrae.

152 631 407 698 debilitaturum
424 634 506 720 quid
523 646 555 698 te
571 635 670 719 petis,
689 633 857 719 improbe,
878 633 1025 703 munus?

152 739 244 824 quod
261 739 320 804 tibi
334 739 364 806 si
381 741 499 826 populi
517 740 695 808 donaverit
711 761 805 806 error
821 739 962 818 Achivi,

154 866 216 910 cur
231 846 388 931 spolieris
405 839 479 922 erit,
498 869 567 912 non
585 868 645 911 cur
662 846 823 918 metuaris
841 847 885 912 ab
903 848 1022 914 hoste:

153 963 186 1018 et
203 951 300 1040 fuga,
317 973 386 1039 qua
402 953 476 1018 sola
493 967 646 1028 cunctos,
664 953 892 1029 timidissime,
911 955 1032 1034 vincis,
1156 985 1204 1042 ης

153 1060 251 1125 tarda
267 1059 380 1125 sutura
395 1059 456 1124 tibi
474 1072 524 1125 est
539 1059 733 1147 gestamina
751 1070 843 1124 tanta
861 1062 1022 1127 trahenti.

200 1163 326 1231 ‘Adde
341 1167 433 1253 quod
450 1165 513 1232 iste
529 1177 620 1241 tuus,
638 1177 707 1230 tam
724 1187 802 1232 raro
819 1169 949 1252 proelia
966 1191 1101 1254 passuS,

153 1273 287 1360 integer
303 1284 354 1339 est
370 1273 521 1358 clipeus:
546 1284 675 1348 nostro,
693 1272 751 1360 qui
768 1274 836 1339 tela
852 1274 994 1342 ferendo

154 1379 247 1444 mille
263 1390 355 1466 patet
370 1379 496 1467 plagis,
514 1401 624 1445 novus
642 1390 693 1450 est
709 1400 888 1447 successor
905 1382 1096 1448 habendus.

155 1487 314 1574 denique,
332 1487 415 1574 quid
432 1486 544 1552 verbis
561 1507 647 1576 opus
664 1484 736 1551 est?
783 1486 988 1573 Spectemur
1004 1486 1162 1578 agendol

155 1615 251 1659 arma
267 1593 332 1664 viri
348 1593 443 1660 fortis
460 1593 591 1660 medios
607 1593 783 1658 mittantur
799 1593 835 1663 in
852 1595 988 1662 hostes:

154 1701 234 1772 inde
247 1701 363 1790 jubete
380 1700 461 1786 peti,
480 1711 513 1766 et
529 1702 733 1768 referentem
751 1713 869 1768 ornate
886 1703 1026 1769 relatis.'

199 1808 354 1874 Finierat
367 1807 559 1874 Telamone
576 1817 682 1884 satuS,
701 1809 865 1896 vulgique
883 1823 1038 1879 secutum

154 1916 274 1981 ultima
291 1936 444 1980 murmur
459 1926 533 1980 eret
542 1937 552 1989 3
577 1915 689 1982 donec
705 1914 864 1986 L'aertius
882 1917 982 1984 heros

157 2009 271 2096 astitit,
288 2034 391 2109 atque
407 2022 524 2088 oculos
541 2022 683 2111 paulum
700 2023 820 2088 tellure
838 2035 985 2090 moratos
1159 2053 1207 2111 125

156 2129 290 2196 sustulit
306 2130 350 2195 ad
366 2149 539 2215 procerae,
557 2141 806 2217 expectatoque
823 2132 961 2196 resolvit

155 2258 216 2310 ora
233 2258 338 2311 sono;
363 2257 475 2324 neque
492 2236 588 2304 abest
604 2236 761 2303 facundis
778 2237 888 2325 gratia
906 2237 1017 2304 dictis.

204 2342 268 2408 ‘Si
285 2363 361 2408 mea
378 2363 457 2408 cum
473 2343 594 2408 vestris
611 2342 798 2412 valuissent
814 2356 906 2420 vota,
926 2344 1079 2432 Pelasgi,

156 2474 226 2518 non
242 2452 328 2518 foret
344 2451 528 2539 ambiguus
544 2451 627 2516 tanti
645 2452 840 2518 certaminis
857 2453 970 2530 beree,

155 2571 262 2646 tuque
278 2559 344 2624 tuis
361 2559 476 2634 armis,
495 2569 606 2624 noste
624 2571 830 2644 poteremur,
848 2558 1000 2630 Achille.
1161 2591 1210 2646 130

157 2687 261 2753 quem
277 2665 440 2752 quoniam
457 2687 526 2734 non
543 2685 654 2752 aequa
672 2665 755 2731 mihi
772 2665 937 2753 vobisque
954 2678 1125 2756 negarunt

158 2772 253 2848 fata‚'
270 2793 442 2858 manuque
459 2771 560 2839 simul
578 2771 681 2838 veluti
699 2772 913 2838 lacrimantia
929 2775 1023 2840 tersit

159 2879 291 2946 lumina
309 2879 410 2966 ‘quis
427 2899 557 2966 magno
576 2877 697 2944 melius
714 2878 877 2946 succedat
893 2879 1036 2955 Achilli,

160 2993 265 3074 q'uam
281 3007 462 3073 perquem
479 3007 628 3075 magnus
645 2985 779 3051 Danais
796 2988 961 3052 successit
975 2985 1154 3053 Achilles?

162 3095 243 3158 huic
258 3093 361 3157 modo
377 3114 420 3158 ne
437 3094 556 3180 prosit,
575 3095 679 3181 quod,
695 3093 743 3159 uti
761 3103 825 3169 est,
844 3093 950 3160 hebes
966 3114 1041 3164 esse
1058 3095 1211 3160 videtur:

160 3220 250 3266 neve
264 3197 346 3262 mihi
358 3211 492 3278 noceat,
511 3201 602 3287 quod
618 3200 715 3268 vobis
732 3222 882 3287 semper,
899 3199 1039 3278 Achivi,

162 3306 289 3393 profuit
303 3306 502 3394 ingenium3
527 3328 673 3396 meaque
690 3309 778 3375 haec
794 3308 969 3386 facundia,
989 3308 1087 3395 siqua
1103 3318 1167 3383 est,
1183 3341 1195 3370 s

163 3433 253 3500 quae
269 3433 361 3477 nunc
377 3433 440 3498 pro
457 3412 608 3489 domino,
627 3435 689 3498 pro
704 3414 801 3480 vobis
818 3434 923 3501 saepe
942 3414 1053 3478 locuta
1071 3421 1134 3488 est,

164 3517 292 3584 invidia
309 3529 445 3593 careat;
469 3518 560 3584 bona
576 3540 640 3584 nec
657 3541 719 3584 sua
736 3520 880 3607 quisque
897 3529 1045 3586 recuset.
1141 3551 1146 3558 ·

212 3624 327 3691 ‘Nam
344 3646 456 3712 genus
473 3636 506 3690 et
521 3646 667 3710 proavos
684 3637 716 3691 et
732 3647 820 3713 quae
838 3649 906 3692 non
924 3627 1069 3692 fecimus
1085 3624 1165 3710 ipsi,

165 3731 223 3796 vix
240 3752 282 3800 ea
296 3742 411 3797 nostra
427 3752 525 3796 voco.
574 3729 645 3812 Sed
662 3731 767 3806 enim,
785 3732 865 3818 quia
882 3733 1007 3798 rettulit
1025 3731 1119 3820 Ajax

166 3859 241 3908 esse
254 3837 349 3923 Jovis
366 3858 550 3922 pronepos,
568 3836 673 3902 nostri
690 3859 825 3925 quoque
843 3839 1023 3926 sanguinis
1043 3853 1162 3908 auctor

162 3943 318 4032 Juppiter
334 3955 395 4020 est,
413 3943 623 4031 totidemque
635 3944 766 4032 gradus
783 3945 948 4014 distamus
965 3947 1096 4014 abillo.
