2752 4350
192 189 236 288 70
425 175 496 269 The
517 202 791 270 Errebantments
814 208 862 290 os
874 204 1014 271 Medea.
1097 222 1242 296 [Marna.

191 399 317 466 obstitit
343 400 479 485 incepto
507 401 637 486 pudor;
666 413 699 467 at
717 402 898 488 complexa
914 401 1050 479 fuisses,
1194 433 1242 491 145

192 507 253 573 sed
269 519 315 582 te,
334 528 378 571 ne
395 509 538 583 faceres,
557 508 663 573 tenuit
679 509 869 574 reverentia
887 509 1013 573 famae.

191 614 282 700 quod
300 615 390 689 licet,
410 615 544 680 adfectu
560 615 660 681 tacito
677 615 826 691 laetaris,
846 614 990 702 agisque

191 721 400 786 carminibus
416 733 531 808 grates
548 732 581 785 et
598 722 650 787 dis
668 721 862 787 auctoribus
880 722 1014 786 horum.

235 827 444 915 Pervigilem
462 842 616 913 superest
633 828 747 893 herbis
765 828 877 913 sopire
894 829 1092 907 draconem,

189 934 248 1020 qui
264 934 365 999 crista
383 934 579 1022 linguisque
596 935 703 1000 tribus
723 934 917 1022 praesignis
934 947 967 1000 et
981 936 1080 1002 uncis
1191 966 1241 1024 ¹50

190 1041 349 1105 dentibus
366 1041 556 1106 horrendus
573 1051 687 1106 custos
704 1052 777 1105 erat
795 1039 909 1107 arietis
925 1045 1032 1109 aurei.

190 1148 283 1211 bunc
299 1158 479 1233 postquam
498 1146 620 1232 sparsit
638 1146 784 1212 Lethaei
802 1148 959 1235 gramine
975 1147 1061 1225 suci,

138 1331 144 1350 l
188 1255 361 1340 verbaque
378 1265 428 1318 ter
445 1253 530 1318 dixit
546 1254 701 1338 placidos
719 1254 878 1320 facientia
895 1276 1045 1331 somnos,

188 1381 277 1447 quae
295 1380 388 1426 mare
405 1361 589 1434 turbatum,
608 1381 696 1448 quae
714 1361 847 1427 concita
864 1361 1005 1426 flumina
1022 1362 1163 1428 sistunt:

188 1489 329 1532 somnus
345 1467 381 1530 in
398 1467 533 1555 ignotos
550 1469 668 1533 oculos
678 1468 748 1534 rsibi
766 1470 870 1544 venit,
890 1481 923 1534 et
940 1491 1023 1534 auro
1190 1493 1237 1557 153

188 1574 289 1639 heros
305 1573 478 1639 Aesonius
496 1575 641 1659 potitur;
667 1577 845 1662 spolioque
863 1576 1043 1662 superbus,

150 1691 152 1694 ’
188 1681 337 1745 muneris
356 1691 528 1744 auctorem
547 1703 677 1757 secum,
696 1683 805 1769 spolia
822 1684 941 1758 altera,
962 1695 1114 1768 portans,

186 1787 294 1852 victor
311 1786 477 1852 Iolciacos
494 1787 603 1876 tetigit
620 1809 697 1853 cum
716 1789 863 1876 conjuge
881 1801 1009 1875 portus.

234 1893 449 1957 Haemoniae
467 1906 591 1959 matres
608 1916 669 1979 pro
686 1896 799 1982 gnatis
816 1896 906 1959 dona
923 1895 1069 1981 receptis

186 2000 444 2088 grandaevique
461 2001 573 2065 serunt
590 2012 716 2085 patres,
736 2014 968 2088 congestaque
984 2001 1125 2067 flamma
1186 2019 1237 2074 160

185 2119 260 2172 tura
278 2107 512 2194 liquefaciunt,
532 2107 738 2193 inductaque
755 2107 914 2173 cornibus
932 2129 1053 2173 aurum

183 2216 322 2281 victima
339 2227 416 2281 vota
435 2214 537 2280 cadit.
586 2213 658 2279 Sed
675 2215 770 2280 abest
787 2215 1001 2301 gratantibus
1016 2213 1149 2293 Aeson,
1167 2263 1175 2276 .

180 2321 252 2410 jam
270 2323 407 2409 propior
424 2323 503 2395 leto,
522 2321 700 2407 fessusque
717 2322 880 2386 senilibus
898 2321 1008 2386 annis.

184 2450 261 2493 cum
280 2430 329 2494 sic
345 2414 559 2494 Aesonides:
588 2426 644 2493 ‘O
661 2427 715 2492 cui
732 2429 858 2494 debere
875 2429 1021 2494 salutem
1090 2478 1092 2484 .

183 2537 358 2612 confiteor,
377 2525 541 2623 conjunx,
559 2555 767 2620 quamquam
785 2534 868 2598 mihi
885 2548 1007 2599 cuncta
1025 2534 1159 2612 dedisti,
1183 2551 1233 2622 1⁶5
1317 2619 1325 2634 ο

182 2623 396 2729 excessitque
411 2643 514 2708 fidem
534 2641 730 2707 meritorum
747 2662 881 2706 summa
898 2639 1055 2706 tuoruinz

182 2749 210 2812 si
227 2760 341 2813 tamen
353 2750 418 2814 hoc
434 2760 575 2835 possunt
591 2748 691 2836 (quid
704 2747 795 2811 enim
810 2769 878 2813 non
891 2748 1044 2811 carmina
1058 2748 1188 2834 possint
1195 2747 1230 2834 l)

182 2855 281 2920 deme
300 2857 386 2922 meis
403 2856 514 2943 annis,
534 2868 566 2921 et
583 2857 739 2940 demptos
757 2853 845 2918 adde
862 2854 994 2938 parenti
1008 2854 1037 2916 :’

181 2983 246 3028 nec
262 2963 368 3028 tenuit
384 2963 556 3028 lacrimas.
606 2962 703 3027 Mota
721 2972 773 3026 est
789 2960 913 3046 pietate
930 2961 1095 3048 rogantis,

179 3069 449 3157 dissimilemque
466 3070 618 3134 animum
635 3069 736 3135 subiit
753 3066 864 3132 Aeeta
880 3067 1029 3132 relictus.
1182 3097 1231 3151 170

225 3174 262 3238 N
264 3196 303 3240 ec
318 3186 434 3240 tamen
450 3176 591 3241 affectus
608 3175 693 3240 tales
711 3175 881 3249 confessa,
901 3172 1030 3258 ‘Qrod
1043 3175 1051 3201 '
1066 3173 1175 3261 inquit

182 3281 332 3346 ‘excidit
347 3303 406 3346 ore
423 3281 491 3367 pi0,
510 3282 674 3370 conjunx,
693 3280 827 3348 scelus?
852 3301 937 3368 ergo
954 3301 1020 3368 ego
1037 3281 1197 3368 cuiquam

180 3409 281 3473 posse
297 3400 375 3454 tuae
390 3388 509 3454 videor
524 3388 670 3474 spatium
688 3387 915 3454 transcribere
931 3385 1044 3452 vitae?

180 3515 245 3560 nec
261 3494 350 3559 sinat
366 3495 431 3560 hoc
449 3494 594 3569 Hecate,
611 3515 677 3559 nec
692 3504 728 3558 tu
744 3494 830 3580 petis
847 3514 967 3580 aequa.
1017 3491 1089 3558 Sed
1104 3492 1183 3572 isto,

180 3601 271 3686 quod
287 3602 388 3687 petis,
406 3601 565 3686 experiar
581 3600 691 3688 majus
708 3602 790 3666 dare
807 3622 945 3676 munus,
965 3600 1080 3668 Iason.
1180 3630 1228 3688 175

181 3715 252 3768 arte
270 3727 346 3769 mea
363 3706 471 3770 soceri
488 3705 631 3792 longum
647 3703 889 3789 temptabimus
909 3723 1047 3782 aevum,

179 3829 249 3872 non
266 3810 363 3874 annis
380 3831 540 3874 revocare
556 3809 640 3874 tuis:
667 3809 768 3874 modo
784 3809 863 3874 diva
878 3810 1040 3878 triformis

181 3915 330 4002 adjuvet,
350 3925 382 3980 et
397 3935 561 4000 praesens
578 3914 762 3980 intentibus
778 3916 907 3979 adnuat
923 3916 1015 3982 ausis
1031 3917 1040 3946 '
