2790 4356
176 245 242 316 140
408 225 480 293 Tae
514 226 660 293 Wsdom
684 229 731 312 os
744 227 852 316 Ke'ng
869 225 1007 295 Numa.
1082 247 1226 320 [mma.

174 446 218 490 ne
235 422 349 499 facite,
367 431 400 488 et
417 423 553 488 monitis
570 424 702 490 animos
720 423 883 490 advertite
899 425 1047 491 nostris:
1179 458 1229 511 ¹40

175 551 321 618 cumque
338 530 442 595 boum
459 530 583 595 dabitis
599 551 777 595 caesorum
795 532 950 596 membra
966 532 1094 617 palato,

174 639 340 703 mandere
355 658 417 702 vos
433 647 563 702 vestros
579 637 661 702 scite
678 647 711 701 et
727 637 847 702 sentite
863 638 1016 704 colonos.

221 755 231 786 ‘
246 744 303 820 Et,
318 743 481 832 quoniam
498 743 584 808 deus
600 763 660 808 ora
673 755 800 819 movet,
815 765 940 832 sequar
955 765 1015 810 ora
1033 758 1227 812 moventem

174 850 238 916 rite
255 851 370 927 deum,
390 851 616 936 Delphosque
633 871 728 915 meos
744 849 926 936 ipsumque
943 851 1121 919 recludam

176 960 316 1024 aethera
332 969 365 1023 et
382 969 548 1045 augustae
565 956 728 1022 reserabo
744 957 883 1021 oracula
902 958 1032 1024 mentis
1178 990 1227 1048 ¹45

175 1086 317 1153 magna,
337 1085 401 1130 nec
417 1064 565 1152 ingeniis
584 1063 772 1154 euestigata
790 1063 955 1148 priorum,

175 1193 331 1258 quaeque
349 1172 407 1236 diu
423 1172 565 1246 latuere,
584 1191 723 1236 canam.
767 1168 873 1257 Juvat
887 1170 937 1235 ire
953 1193 1015 1257 per
1031 1173 1100 1237 alta

175 1289 287 1353 astra;
308 1279 406 1366 juvat
420 1278 518 1344 terris
534 1289 568 1343 et
582 1277 681 1343 inerti
699 1278 780 1342 sede
796 1276 914 1341 relicta

175 1386 266 1451 nube
282 1385 374 1460 vehi,
390 1383 563 1472 validique
580 1384 731 1450 humeris
748 1382 904 1448 insistere
920 1382 1091 1461 Atlantis3

175 1493 399 1578 palantesque
415 1492 572 1556 homines
588 1491 717 1576 passim
735 1510 776 1554 ac
793 1489 933 1558 rationis
949 1503 1092 1578 egentes
1178 1522 1228 1578 ¹50

176 1599 375 1683 despectare
392 1599 524 1682 procul,
541 1598 760 1684 trepidosque
776 1595 975 1684 obitumque
990 1597 1149 1664 timentes

176 1703 226 1770 sic
242 1704 427 1780 exhortari,
446 1703 636 1791 seriemque
653 1704 812 1770 evolvere
826 1701 900 1767 sati.

223 1809 280 1876 ‘O
297 1831 408 1898 genus
425 1810 601 1875 attonitum
619 1811 755 1898 gelidae
772 1808 954 1876 formidine
970 1809 1109 1880 mortisl

174 1916 259 2003 quid
275 1915 401 2004 Styga,
418 1917 500 2004 quid
516 1918 675 1983 tenebras
691 1929 725 1982 et
740 1917 880 1982 nomina
897 1937 988 1982 vana
1004 1917 1143 1996 timetis,

176 2023 352 2089 materiem
368 2035 499 2100 vatum,
517 2025 662 2111 salsique
679 2025 831 2109 pericula
849 2022 992 2090 mundi?
1179 2054 1227 2112 ¹55

177 2150 320 2215 corpora
336 2113 408 2196 sive
425 2151 531 2218 rogus
547 2130 699 2205 flamma,
718 2151 779 2196 seu
795 2131 874 2194 tabe
890 2141 1042 2196 vetustas

177 2237 365 2312 abstulerit,
383 2238 475 2302 mala
492 2257 592 2322 posse
608 2237 679 2322 pati
695 2258 765 2302 non
780 2237 852 2301 ulla
869 2233 1007 2322 putetis.

176 2354 284 2409 morte
301 2355 417 2408 carent
434 2344 581 2420 animae,
600 2363 817 2430 semperque,
835 2342 947 2428 priore
963 2343 1081 2409 relicta

176 2451 270 2526 sede,
290 2449 387 2515 novis
403 2449 561 2515 domibus
577 2451 695 2514 vivunt
711 2450 934 2537 habitantque
950 2462 1121 2538 receptae.

175 2556 250 2641 ipse
267 2577 390 2644 ego-
403 2577 483 2619 nam
501 2557 640 2622 memini
653 2556 853 2644 -Trojani
869 2569 1024 2644 tempore
1040 2560 1122 2625 belli
1176 2576 1227 2632 160

176 2661 386 2728 Panthoides
402 2661 609 2747 Euphorbus
627 2647 735 2738 edam,
754 2663 809 2728 cui
827 2676 967 2750 pectore
983 2667 1158 2754 quondam

176 2768 287 2834 haesit
302 2769 336 2832 in
355 2768 498 2834 adverso
514 2769 630 2856 gravis
646 2770 745 2834 hasta
762 2770 903 2837 minoris
920 2771 1077 2840 Atridae.

176 2874 322 2962 cognovi
340 2875 501 2961 clipeum,
519 2876 639 2940 laevae
656 2877 850 2964 gestamina
866 2891 1017 2958 nostrae,

175 3003 286 3067 nuper
301 2979 469 3046 Abanteis
485 2982 613 3068 templo
625 2981 773 3068 Junonis
789 2984 825 3049 in
841 2984 962 3075 Argis.

222 3100 231 3129 ‘
248 3087 374 3154 Omnia
391 3099 583 3156 mutanturz
608 3089 694 3158 nihil
710 3091 837 3158 interit.
885 3094 998 3171 Errat,
1014 3105 1047 3160 et
1062 3093 1157 3162 illinc
1178 3110 1226 3181 ¹⁶5

176 3195 245 3260 huc
259 3194 365 3271 venit,
384 3195 464 3260 hinc
479 3195 573 3272 illuc,
592 3207 626 3262 et
642 3199 812 3285 quoslibet
827 3211 974 3286 occupat
990 3211 1082 3266 artus

174 3300 325 3388 spiritus,
343 3323 429 3388 eque
447 3301 527 3368 seris
544 3305 696 3371 humana
713 3306 749 3372 in
765 3327 909 3392 corpora
925 3307 1058 3384 transit,

173 3410 278 3495 inque
294 3408 384 3475 feras
400 3421 527 3488 noster,
546 3435 612 3479 nec
628 3426 782 3500 tempore
799 3413 930 3500 deperit
945 3414 1030 3482 ullo.

173 3525 278 3603 utque
295 3517 392 3582 novis
408 3518 519 3586 facilis
536 3521 694 3610 signatur
711 3541 790 3586 cera
807 3520 940 3608 liguris,

174 3642 240 3687 nec
256 3636 371 3691 manet
387 3638 424 3692 ut
441 3629 564 3704 suerat,
582 3647 648 3694 nec
664 3627 793 3694 formas
810 3638 923 3693 servat
939 3627 1095 3703 easdem,
1177 3655 1226 3708 170

175 3729 237 3793 sed
253 3741 367 3798 tamen
384 3732 459 3819 ipsa
476 3735 597 3799 eadem
615 3745 677 3810 est,
693 3734 844 3798 animam
861 3733 911 3800 sic
926 3755 1064 3821 semper
1079 3732 1225 3806 eandem

175 3854 265 3912 esse,
284 3839 345 3904 sed
361 3839 396 3904 in
412 3839 526 3906 varias
542 3839 650 3906 doceo
666 3841 817 3928 migrare
833 3831 977 3929 figuras.

175 3961 261 4031 ergo
272 3980 317 3992 -
329 3964 394 4010 nec
410 3944 518 4028 pietas
535 3946 577 4010 sit
591 3946 681 4012 victa
697 3945 859 4031 cupidine
875 3947 1060 4042 veutris—
1160 3993 1164 3998 -
