2752 4350
189 220 234 294 54
344 181 347 188 ⁴
452 204 524 272 The
557 203 774 292 Wandcrr‘ng
793 203 842 290 os
860 201 976 270 Ceres.
1098 221 1241 300 [0404400

188 403 280 467 venit
296 414 329 467 et
346 402 389 467 ad
406 400 563 489 Cyanen.
612 400 663 466 Ea
681 401 715 464 ni
732 410 861 464 mutata
878 400 1009 475 suisset,
1187 419 1240 489 465

188 509 303 574 omnia
321 519 511 582 narrasset;
537 508 598 572 sed
616 518 648 572 et
664 530 702 572 os
718 519 752 572 et
768 507 887 594 lingua
904 506 1030 572 volenti

189 615 302 679 dicere
319 635 387 678 non
406 614 560 689 aderant,
579 635 644 678 nec
660 635 728 700 quo
744 614 952 700 loqueretur,
971 613 1132 680 habebat.

188 721 288 807 signa
305 733 419 784 tamen
437 719 617 785 manifesta
635 720 740 794 dedit,
759 730 943 806 notamque
960 721 1107 804 parenti,

187 828 246 892 illo
264 828 347 892 sorte
365 828 441 891 loco
457 827 634 912 delapsam
651 827 685 892 in
702 825 840 914 gurgite
856 846 968 902 sacro,
1188 898 1191 904 ,

188 933 427 1019 Persephones
444 955 566 998 zonam
584 932 727 998 summis
743 931 890 998 ostendit
906 932 940 996 in
957 933 1072 998 undis·
1186 964 1241 1020 470

187 1061 291 1127 quarn
310 1039 411 1105 simul
429 1039 581 1127 agnovit,
599 1049 775 1126 tamquam
791 1050 872 1103 tunc
889 1038 1037 1126 denique
1054 1049 1187 1125 raptam

188 1147 319 1222 scisset,
337 1146 510 1211 inornatos
528 1145 669 1210 laniavit
684 1145 765 1210 diva
782 1144 938 1230 capillos,

187 1264 220 1318 et
237 1253 378 1338 repetita
396 1253 465 1318 suis
484 1252 650 1338 percussit
666 1263 804 1337 pectora
821 1250 958 1337 palmis.

187 1361 296 1426 nescit
312 1361 426 1425 adhuc
442 1360 500 1424 ubi
517 1343 579 1434 sit3
605 1369 712 1424 terras
729 1369 844 1422 tamen
861 1358 1016 1444 increpat
1032 1379 1166 1437 omnes,

186 1467 407 1555 ingratasque
423 1477 535 1542 vocat,
554 1487 620 1531 nec
636 1465 775 1553 frugum
792 1485 934 1531 munere
951 1465 1097 1552 dignasz
1185 1494 1239 1554 475

186 1574 404 1639 Trinacriam
422 1585 499 1638 ante
517 1573 616 1649 alias,
634 1571 669 1636 in
686 1593 755 1660 qua
769 1571 916 1660 vestigia
932 1571 1050 1638 damni

186 1681 345 1765 repperit.
393 1679 489 1767 Ergo
505 1679 576 1745 illic
591 1699 696 1744 saeva
711 1677 877 1743 vertentia
894 1678 1015 1766 glebas

186 1786 288 1874 fregit
304 1797 417 1851 aratra
435 1808 554 1862 manu,
573 1785 740 1872 parilique
757 1785 843 1850 irata
859 1786 1000 1850 colonos

186 1895 419 1980 ruricolasque
435 1894 541 1959 boves
558 1894 625 1959 leto
643 1892 748 1968 dedit,
768 1912 918 1978 arvaque
931 1892 1032 1980 jussit

186 2001 306 2066 fallere
323 2000 528 2093 depositum',
546 2000 731 2087 vitiataque
747 1999 881 2065 semina
896 1999 988 2064 fecit.
1112 2053 1115 2058 .
1185 2017 1240 2085 480

186 2107 340 2173 fertilitas
355 2119 466 2173 terrae
482 2108 588 2172 latum
605 2107 748 2194 vulgata
764 2127 826 2191 per
842 2106 960 2170 orbem

186 2214 274 2278 salsa
287 2215 399 2302 jacet3
425 2214 544 2299 primis
561 2225 696 2301 segetes
715 2213 905 2278 moriuntur
920 2212 955 2276 in
972 2211 1101 2288 herbis,

187 2333 220 2384 et
236 2321 337 2386 modo
354 2321 404 2385 sol
422 2321 559 2395 nimius,
579 2319 704 2386 nimius
722 2320 824 2384 modo
841 2318 978 2404 corripit
994 2319 1126 2401 imber3

187 2427 368 2514 sideraque
384 2427 545 2514 ventique
562 2437 699 2503 nocent,
718 2427 910 2514 avidaeque
925 2425 1083 2492 volucres

187 2535 319 2598 semina
331 2533 425 2621 jacta
441 2535 582 2621 legunt3
607 2535 725 2599 lolium
742 2533 924 2618 tribulique
940 2532 1087 2621 fatigant
1185 2549 1239 2621 485

186 2639 335 2704 triticeas
353 2661 494 2717 messes,
514 2651 547 2706 et
562 2640 834 2728 inexpugnabile
852 2660 1010 2728 gramen.

230 2747 323 2813 Tum
341 2759 443 2834 caput
460 2748 553 2814 Eleis
569 2748 739 2835 Alpheias
756 2750 873 2814 extulit
887 2749 1002 2825 undis,

185 2866 406 2942 rorantesque
424 2875 541 2921 comas
558 2877 578 2920 a
594 2857 704 2922 fronte
721 2856 864 2923 removit
880 2858 925 2923 ad
942 2876 1055 2934 aures,

187 2973 288 3047 atque
306 2961 372 3026 ait:
399 2961 455 3028 ‘O
472 2973 539 3028 toto
556 2965 730 3050 quaesitae
747 2963 891 3052 virginis
907 2965 990 3029 orbe

185 3078 218 3132 et
234 3068 372 3155 frugum
390 3069 551 3156 genitrix,
571 3070 756 3136 immensos
773 3070 852 3136 siste
868 3071 1016 3148 laboreS,
1182 3102 1238 3161 490

186 3195 272 3238 neve
289 3175 349 3238 tibi
366 3176 455 3240 fidae
471 3176 621 3241 violenta
638 3177 786 3244 irascere
803 3189 935 3243 terrae:

184 3289 275 3345 terra
293 3281 378 3346 nihil
396 3282 531 3358 meruit,
549 3282 725 3371 patuitque
742 3282 848 3349 invita
865 3284 1021 3370 rapinae.

185 3409 251 3453 nec
267 3411 342 3452 sum
360 3410 421 3474 pro
437 3388 546 3474 patria
564 3390 732 3475 supplex3
757 3391 826 3456 huc
842 3390 976 3476 hospita
990 3390 1091 3458 veni:

184 3493 265 3560 Pisa
283 3495 365 3559 mihi
383 3495 492 3580 patria
510 3506 572 3572 est,
591 3507 625 3562 et
641 3496 685 3561 ab
701 3495 802 3562 Elide
818 3496 975 3563 ducimus
992 3508 1098 3563 ortus.

185 3599 361 3665 Sicaniam
378 3600 561 3689 peregrina
578 3602 668 3678 colo,
684 3603 748 3667 sed
765 3603 895 3690 gratior
909 3604 1009 3669 omni·
1182 3632 1234 3690 495

185 3705 271 3770 haec
288 3705 371 3770 mihi
388 3718 476 3772 terra
489 3709 562 3772 solo
579 3719 641 3772 est.
691 3707 767 3774 Hos
780 3730 873 3774 nunc
885 3707 1060 3775 Arethusa
1076 3719 1233 3796 penates,

184 3809 277 3874 hanc
293 3811 404 3877 habeo
420 3812 558 3887 sedem;
583 3834 686 3900 quam
702 3825 751 3889 tu,
771 3815 961 3892 mitissima,
980 3837 1093 3882 serva.

184 3925 276 3978 mota
292 3915 368 3980 loco
385 3917 539 3994 cursim,
557 3919 708 4004 tantique
724 3940 787 4005 per
803 3921 962 4007 aequoris
976 3922 1090 3988 undas
